1808 3071
875 181 925 226 17

203 289 317 331 rebus
347 289 403 332 vei
435 290 605 333 civilibus
637 288 693 330 vel
725 288 947 330 militaribus
994 289 1123 338 refert,
1172 288 1403 331 nitidioribus
1434 289 1469 331 et
1501 292 1613 330 comm

202 359 442 411 penitioribus
475 359 598 400 verbis
629 357 757 402 reddit.
819 358 936 399 Multo
965 368 1081 399 secus
1111 357 1275 400 Cassius
1307 358 1375 400 Dio
1413 358 1606 401 historiam

202 429 374 481 scripsit-
398 438 445 470 ea
474 427 618 469 dicendi
665 428 806 471 ratione
844 431 978 479 utens,
1014 437 1086 478 qua
1117 428 1233 470 miles·
1259 428 1316 469 vei
1348 430 1606 481 magistratus.

202 498 349 542 caveas
389 499 529 550 autem,
567 509 614 539 ne
645 508 689 542 ex
729 498 800 541 hoc
828 497 973 540 dicendi
1012 507 1148 551 genere
1178 498 1322 540 efficias
1355 496 1604 540 Herodianum

201 579 271 609 nec
302 569 560 621 magistratum
592 580 663 610 nec
694 568 844 610 militem
875 568 1020 619 fuisse3
1065 569 1178 609 immo
1216 569 1340 620 potius
1387 577 1434 608 ex
1471 567 1607 618 optima

200 637 367 680 omnium
401 648 527 680 rerum
558 637 714 679 scientia
743 638 947 690 apparebit,
980 637 1013 679 id
1045 637 1143 689 quod
1176 636 1340 679 Woitius
1362 636 1445 689 jam
1479 637 1608 689 suspi-

200 708 311 748 catus
340 709 418 748 est:
456 707 630 759 „quidvis
660 707 767 749 illum
798 708 923 759 potius
954 719 1071 760 quain
1105 708 1160 748 vei
1194 710 1407 749 senatorem
1440 707 1494 748 vel
1518 706 1608 757 jure

201 774 357 827 peritum
390 775 447 819 vei
479 776 629 818 mititem
661 775 823 818 fuisse.“
1392 783 1395 785 ·

319 844 485 889 Virtutes
515 847 641 887 autem
671 844 870 887 Herodiani
902 846 1074 896 quamvis
1104 846 1181 886 sint
1212 848 1386 898 magnae,
1415 846 1464 887 ab
1485 846 1607 887 omni-

203 914 275 956 bus
318 917 441 957 tamen
482 915 578 956 vitiis
618 915 695 956 iibri
734 913 833 967 ejiis
858 926 1094 967 nequaquam
1133 916 1238 957 vacui
1278 917 1381 956 suut.
1443 915 1633 965 Quorum⁴

203 973 344 1037 magna
374 993 485 1037 pars,
531 986 620 1036 quin
651 996 697 1026 ex
728 996 878 1027 summa
909 986 1075 1027 auctoris
1105 989 1227 1027 aetate
1258 986 1423 1038 prosecta
1454 986 1503 1026 sit
1534 996 1607 1026 nou

202 1053 401 1096 dubitetur.
440 1054 486 1096 Ut
517 1056 660 1097 taceam
692 1055 872 1108 temporis
902 1058 939 1097 et
959 1066 1145 1097 annorum
1165 1055 1331 1097 ordinem
1348 1055 1397 1097 ab
1428 1065 1474 1096 eo
1495 1065 1609 1107 saepe

201 1124 354 1174 turbari,
386 1125 504 1166 muita
535 1125 644 1165 uobis
675 1127 895 1174 occurrunt,
926 1135 1021 1175 quae
1053 1125 1185 1166 vitiosa
1222 1136 1268 1165 ex
1299 1125 1484 1166 oblivione
1515 1125 1609 1165 scri-

202 1192 320 1245 ptoris
370 1192 585 1235 manabant.
682 1192 805 1245 cujus
856 1193 906 1235 rei
960 1194 1109 1247 insigne
1160 1193 1370 1247 exemplum
1424 1194 1494 1235 hoc
1538 1196 1610 1235 est.

204 1262 283 1304 Lib.
315 1262 388 1305 VH.
420 1275 441 1304 c
469 1261 506 1304 8.
538 1274 570 1304 c.
591 1264 629 1303 9.
691 1262 814 1312 Quum
846 1264 943 1304 enim
976 1263 1128 1315 beilum,
1157 1264 1204 1305 ab
1236 1264 1448 1306 Alexandro
1468 1262 1610 1304 Severo

201 1331 248 1373 ad
280 1330 455 1373 Rhenum
487 1319 616 1374 contra
647 1333 856 1376 Germanos
880 1334 1044 1387 gestum,
1078 1333 1250 1386 pluribus
1267 1334 1442 1386 exponat,
1474 1332 1610 1374 milites

204 1403 244 1443 ut
275 1401 422 1443 facilius
455 1401 626 1443 Rhenum
659 1402 899 1457 trajicerent,¹
921 1403 1080 1444 navibus
1103 1403 1250 1454 junctis
1284 1406 1434 1455 pontem
1466 1402 1501 1441 in
1533 1400 1610 1442 flu*-

203 1471 302 1512 mine
334 1470 471 1512 iecisse
502 1471 624 1513 refert.
686 1471 785 1513 Tum
822 1472 1010 1523 quomodo
1034 1472 1242 1514 Alexander
1257 1471 1424 1513 Severus
1457 1471 1610 1513 occisus

203 1541 503 1592 Maximinusque
549 1541 748 1592 imperator
798 1541 921 1582 factus
974 1542 1042 1593 sit,
1096 1541 1383 1594 insequentibus
1426 1540 1611 1592 capitibus

203 1609 392 1663 expianat.
432 1600 595 1651 vDeinde
626 1609 865 1651 Maximinum
906 1610 1005 1651 bello
1042 1611 1174 1652 iterum
1214 1612 1250 1652 in
1293 1612 1503 1652 Gennanos
1542 1621 1611 1651 su·

186 1681 347 1738 scepto,
377 1679 502 1721 denuo
534 1679 684 1731 pontem
716 1677 751 1718 in
785 1677 920 1720 Rheno
951 1680 1089 1722 fecisse
1112 1681 1241 1733 tradit3
1271 1692 1384 1732 quam
1402 1692 1478 1722 rem
1499 1682 1612 1721 antea

186 1740 277 1802 ‘jam
309 1760 334 1791 a
363 1759 408 1790 se
436 1759 528 1790 esse
558 1752 885 1789 commemoratam
917 1750 1001 1790 sine
1030 1749 1143 1791 dubio
1181 1752 1313 1792 auctor
1349 1750 1489 1791 oblitus
1521 1752 1611 1790 erat.
1662 1742 1673 1748 ”

204 1818 283 1861 Nec
314 1819 493 1860 minorem
525 1817 561 1858 in
596 1817 900 1869 vituperationem
934 1817 1170 1861 Herodianus
1208 1825 1338 1860 noster
1358 1819 1479 1869 '‘cadit,
1510 1818 1609 1869 quod

204 1887 317 1929 nimia
348 1886 492 1928 dicendi
523 1886 701 1927 brevitate
732 1887 889 1940 saepius
920 1887 1109 1929 obscurus
1141 1888 1194 1949 Q·
1274 1888 1310 1929 id
1357 1874 1519 1949 maxime
1564 1898 1610 1929 eo

204 1957 288 1999 loco
319 1957 509 2010 probatur,
542 1957 602 1998 ubi
634 1958 773 2007 quanta
805 1957 1035 2009 induigentia
1055 1956 1244 1999 Macrinus
1265 1957 1402 1999 Juliam
1423 1949 1608 1999 D'onmam

202 2027 424 2078 tractaverit,
456 2029 582 2068 narrat
595 2024 665 2077 *k
695 2019 747 2067 Ὁ
777 2025 826 2069 de*
859 2027 1108 2081 Μακρῖνος,
1140 2027 1203 2078 ait,
1237 2025 1346 2083 πυρὶ
1378 2024 1613 2083 παραδοὺς

203 2093 254 2138 τὸ
287 2097 388 2147 (τοῦ
416 2090 696 2142 Ἀνιωνίνου)
727 2090 968 2147 σωμάτιον,
1003 2092 1079 2152 τήν
1110 2111 1157 2137 τε
1181 2092 1303 2138 κόνιν
1343 2092 1496 2153 ndi-⁷137
1528 2093 1613 2137 τινὶ

203 2160 425 2219 ἐμβαλών,
457 2160 640 2219 ἔπεμψε
656 2164 711 2221 τῇ
740 2161 875 2220 μητρὶ
894 2159 1028 2207 αὐτοῦ
1061 2162 1339 2222 καταθάψαι
1371 2162 1418 2208 ἐν
1437 2161 1609 2207 Ἀντιο-

202 2231 303 2288 χείᾳ
349 2229 657 2290 διαιριβοιίσῃ.
713 2230 858 2289 ἐκείνη
913 2232 963 2276 δὲ
1016 2231 1093 2276 ἐπὶ
1147 2236 1246 2285 ταῖς
1297 2236 1383 2277 τῶν
1433 2231 1611 2277 παίδων

205 2298 387 2360 ὁμοίαις
418 2304 675 2360 συμφοραῖς
713 2298 804 2347 εἴτε
837 2298 1002 2346 ἑκοῦσα
1039 2299 1130 2346 εἴτε
1170 2303 1466 2348 κελευσθεῖσα
1497 2299 1608 2347 ἄπε-

204 2372 465 2432 καρτέρησε.
549 2369 754 2430 Τοιοὺτῳ
801 2371 884 2427 μὲν
937 2371 991 2429 δὴ
1037 2372 1156 2417 τέλει
1202 2370 1392 2431 ἒρὴσατο
1440 2369 1464 2415 ὁ
1509 2370 1607 2415 ’Λν-

200 2440 389 2494 ,τωνίνος
419 2441 493 2492 καὶ
528 2436 553 2499 ἢ
584 2438 730 2500 μήτηρ
757 2437 925 2491 Ἰουλία,
957 2439 1206 2497 βιώσαντες
1236 2439 1297 2494 ὥς
1329 2441 1609 2501 προείρηται.

206 2514 297 2565 πᾶς
328 2511 378 2555 δὲ
409 2507 433 2555 ὁ
458 2508 619 2570 χρόνος
651 2510 697 2555 ἐν
728 2503 764 2569 ᾧ
794 2507 933 2563 μόνος
962 2509 1253 2567 ἐβασίλευσεν
1270 2507 1377 2555 ἄνευ
1407 2514 1488 2554 τοῦ
1522 2529 1607 2555 πα-

204 2581 310 2641 τρὸς
340 2580 413 2629 καὶ
451 2583 531 2625 τοῦ
564 2578 790 2639 ἀδελφοῦ,
839 2579 883 2625 ἐν
920 2577 971 2634 ἓξ
1006 2580 1120 2625 ἔτεσι
1168 2581 1477 2641 συνετελέσθη.
1542 2583 1610 2625 His

300 2731 336 2776 *)
359 2732 554 2767 Herodian.
569 2717 642 2769 Ἧι).
667 2733 728 2769 1v.
754 2732 867 2769 0..13.
