1808 3071
912 176 972 224 24

229 281 275 327 ἐν
307 284 363 342 τῇ
381 278 522 342 σκηνῇ
538 278 780 330 καθεύδων
806 281 904 327 ἐπι·
988 282 1106 325 rebus
1137 279 1519 328 ἰοτ’(ὶίοε.ῑιῐιιεοιιοίοτἰ
1537 282 1660 328 fiebat,

227 352 502 406 βουλευθεὶς
539 349 711 409 νύκτωρ
754 349 902 411 αἰφνι-

229 419 355 475 δίως
401 418 606 482 ἀνῃρέθη
667 416 762 466 ὑπὸ
826 422 903 465 τοῦ

228 490 437 544 συνόντος
468 488 592 551 αὐτῷ
625 489 699 536 καὶ
721 493 904 536 δοκοῦν·

227 578 311 607 τοο
342 561 493 621 φίλου,
527 564 616 606 τῶν
649 579 694 606 τε
720 558 905 621 Ὀσροη-

228 635 316 675 νῶν
381 629 604 689 πρότερον
666 627 903 689 ἡγουμένου

228 700 483 754 (Μακεδών
516 695 567 759 ἦν
599 696 741 757 ὄνομα
760 696 904 760 αὐτῷ)

228 772 373 816 καίτοι
421 774 500 828 τῆς
564 767 773 829 ἁρπαγῆς
829 770 903 815 καὶ

227 837 316 899 τὴσ
356 837 659 891 ἀποστάσεως
705 836 902 899 ἀρχηγοῦ

226 911 323 961 τοῖς
348 908 614 968 Ὀσροηνοῖς
645 911 898 966 γενομένου.

228 972 280 1029 ὃς
311 974 529 1033 σῦδεμίαν
562 976 709 1022 αἰτίαν
733 978 901 1036 ἔχθρας

226 1042 333 1092 ὀὔτε
393 1046 556 1103 μίσους
618 1046 730 1102 ἔχων
789 1045 901 1094 ἀπέ-

227 1134 394 1161 κτεινεν
440 1114 577 1169 αὐτος
635 1113 685 1161 ὃν
726 1117 902 1175 ἣρπασέ

226 1204 276 1231 τε
308 1187 382 1231 καὶ
416 1183 651 1233 ἀνέπεισεν
693 1185 903 1243 οἰόμενός

227 1273 276 1299 τε
307 1254 482 1314 μεγάλα
532 1255 806 1313 χαρίζεσθαι
840 1260 904 1316 τῷ

231 1324 566 1383 Μαξιμίνῳτὴν
577 1327 778 1386 κεφαλὴν
790 1324 904 1371 ἀντο-

229 1394 374 1450 τειιιιὺν
405 1392 624 1450 ἐκόμισεν.

286 1466 326 1508 C.
346 1466 387 1508 H:
418 1467 452 1513 S.
479 1465 511 1507 1.
532 1465 573 1508 2.
593 1462 829 1523 διοικήσας
856 1465 904 1509 δὲ

225 1534 282 1577 τὰ
316 1535 641 1593 προειρημένα,
688 1532 835 1578 πάντα
858 1551 904 1578 τε

226 1603 304 1647 τὸν
321 1599 622 1662 στρατὸνᾶνα
635 1601 799 1658 λαβών,
832 1603 906 1646 καὶ

230 1673 391 1727 ὁιαβὰδ
435 1670 626 1730 ἀφόβως
657 1671 734 1728 τὴν
768 1672 904 1730 γέφυ-

229 1758 327 1800 ραν,
359 1738 503 1797 εἷ’χετο
537 1743 621 1800 τῆσ
654 1740 769 1799 πρὸ5
801 1741 906 1794 τοὺς

225 1811 490 1869 Γερμανοὺς
519 1809 677 1868 μάχης.
708 1811 823 1867 μέγα
854 1811 905 1855 δέ

225 1896 267 1923 τι
301 1880 491 1938 πλῆθοσ
512 1879 587 1923 καὶ
604 1879 761 1934 σχεδὸν
780 1876 902 1923 ἅττα-

225 1965 308 1993 σαν
339 1947 682 2008 τὴνῬωμιαίων
714 1947 902 2005 δύναμιν

224 2018 304 2062 σὺν
322 2016 469 2078 ἑαυτῷ
501 2017 564 2071 εἷς
589 2016 737 2076 ήγαγε,
774 2021 897 2063 Μαυ-

223 2086 420 2148 ρουσίων
437 2106 485 2133 τε
503 2085 778 2133 ἀκοντιστῶν
799 2087 898 2148 ἄρι-

224 2158 345 2213 &paon
366 2156 686 2212 πάμπλειστον
717 2157 791 2202 καὶ
826 2176 898 2201 το-

223 2226 368 2280 ξοτῶν
425 2224 649 2285 Ὀροηνιῦν
712 2245 759 2272 τε
822 2228 898 2273 καὶ

218 2294 480 2355 Ἀρμενίων,
530 2289 592 2340 ὧν
623 2292 738 2354 ἦσαν
768 2296 898 2344 οἳ’δέ

223 2363 355 2423 φίλοι
401 2365 476 2408 καὶ
523 2364 771 2422 σύμμαχοι,
821 2367 895 2411 καὶ

222 2431 270 2479 εἷ’
299 2459 302 2471 s
327 2452 443 2488 τινες
517 2435 807 2494 Παρθυαίων
868 2432 898 2496 ἦ

223 2501 423 2562 χρήμασι
492 2506 752 2558 πεισθέντες
821 2507 896 2551 καὶ

221 2569 613 2633 αὐτομολήσαντες
643 2569 673 2634 ἤ
697 2576 896 2636 ληφθέν-

220 2659 293 2693 τες
331 2642 607 2699 αἰχμάλωτοι
636 2642 891 2701 Ῥωμαίοις»,

218 2705 473 2756 ἐδούλευον.

990 354 1156 394 ferarum
1178 363 1294 404 irione,
1324 343 1665 404 qime‘vuinemiae-

986 421 1114 476 magis
1128 421 1404 465 exulcerantur.
1435 421 1545 464 -Post
1571 421 1661 466 baec

987 492 1134 533 transiit
1184 487 1225 533 'in
1278 493 1521 537 Germanizun
1576 503 1659 535 cum

984 562 1090 604 omni
1136 562 1296 604 exercitu
1343 565 1384 603 et
1429 561 1572 604 Mauris
1623 564 1659 621 et

987 631 1198 675 Osdroenis
1228 635 1265 675 et
1293 631 1442 674 Parthis
1473 634 1510 674 et
1533 632 1660 674 omni-

989 701 1080 752 bus,
1126 712 1225 753 quos
1274 711 1404 743 seeum
1447 695 1658 744 Aiexander

986 770 1146 813 ducebat
1189 768 1238 813 ad
1286 770 1438 814 bellum.
1515 770 1562 814 Et
1611 771 1659 813 ob

986 838 1056 881 hoc
1094 840 1254 882 maxime
1290 841 1487 884 orientaiia
1525 851 1655 883 seeum

983 909 1153 954 trahebat
1197 909 1362 961 auxilia,
1417 910 1515 962 quod
1563 910 1655 952 nulii

985 978 1107 1031 magis
1137 980 1267 1020 ‘contra
1290 980 1513 1031 Germanos,
1545 989 1655 1031 quam

983 1047 1141 1101 expediti
1189 1048 1373 1102 sagittarii
1406 1049 1543 1092 valent.
1586 1048 1660 1091 Mi-

985 1118 1142 1159 randum
1174 1120 1299 1160 autem
1316 1120 1536 1171 apparatum
1569 1117 1657 1160 belii

987 1188 1195 1244 Alexander
1225 1188 1367 1239 habuit,
1392 1184 1451 1231 cui
1469 1188 1657 1231 Maximus

986 1257 1114 1300 minus
1151 1257 1267 1299 multa
1298 1257 1429 1299 dicitur
1458 1256 1663 1300 addidisse.

990 1325 1194 1379 Ingressus
1254 1327 1364 1380 igitur
1424 1328 1658 1370 Germaniam

989 1394 1324 1438 Transrhenanam
1370 1407 1435 1449 per
1463 1397 1560 1439 CCC
1602 1398 1657 1439 vei

988 1459 1116 1506 CCCC
1168 1462 1288 1508 millia
1341 1466 1520 1509 barbarici
1565 1468 1659 1518 (soli

990 1534 1093 1576 vicos
1126 1532 1300 1588 incendit,
1334 1546 1472 1589 greges
1517 1536 1660 1591 abegit,

990 1604 1149 1657 praedas
1190 1604 1366 1647 sustulit:
1413 1598 1656 1650 barbarorum

988 1674 1172 1726 plurimos
1204 1674 1568 1717 interemitfmiiitem
1600 1677 1656 1717 di·

988 1743 1096 1784 vitem
1128 1743 1272 1786 reduxit
1302 1744 1397 1797 cepit
1435 1741 1655 1788 innumeros

986 1815 1021 1853 et
1051 1813 1124 1853 nisi
1156 1814 1329 1854 Germani
1361 1824 1427 1866 per
1446 1826 1590 1857 -amnes
1621 1820 1658 1857 et

986 1881 1146 1934 paludes
1177 1883 1212 1923 et
1227 1876 1347 1924 silv'as
1371 1884 1650 1938 conmgissent,

984 1962 1132 1994 omnem
1163 1953 1402 1996 Germaniam
1434 1954 1472 1996 in
1510 1954 1653 1998 Roma-

982 2031 1067 2063 nam
1100 2021 1276 2064 ditionem
1309 2022 1531 2077 redegisse&
1557 2024 1649 2078 >Ipse

982 2094 1176 2143 praeterea
1228 2101 1340 2134 manu
1402 2102 1475 2137 sua
1536 2095 1653 2137 muita

982 2160 1152 2213 faciebat,
1183 2172 1297 2213 quum
1329 2163 1649 2216 etiam‘paludem

980 2230 1182 2284 ingressus
1231 2233 1506 2275 circumventus
1548 2236 1653 2276 esset

980 2310 1004 2341 a
1033 2301 1231 2343 Germanis
1253 2302 1325 2343 nisi
1357 2311 1448 2346 eum
1464 2314 1561 2356 equo
1592 2305 1650 2346 in-

981 2370 1196 2413 haerentem
1213 2371 1537 2415 sui‘iiberassent.
1571 2372 1648 2416 Ha—

981 2439 1058 2492 buit
1088 2439 1187 2482 enim
1203 2440 1274 2483 hoc
1300 2441 1515 2485 barbaricae
1531 2443 1647 2485 teme-

977 2509 1111 2562 utatis,
1130 2514 1185 2553 ut
1215 2513 1361 2564 putaret
1389 2513 1647 2566 imperatorem

980 2588 1094 2621 manu
1138 2580 1253 2626 etiam
1295 2577 1367 2628 sua
1406 2587 1558 2636 semper
1595 2583 1645 2625 uti

979 2649 1125 2691 debere.
1187 2650 1355 2703 Denique
1371 2652 1480 2703 quasi
1510 2651 1645 2693 navale

978 2718 1166 2770 quoddam
1212 2721 1395 2773 proelium
1434 2722 1470 2763 in
1509 2721 1645 2775 palude
