1808 3071
872 168 922 210 19

185 280 401 325 ineiiianum
448 278 546 321 brevi
593 281 759 328 tempore
802 277 890 316 ante
936 274 1075 315 obitum
1109 274 1319 327 Augustum
1366 273 1596 327 appellatum

184 359 274 392 esse
305 349 436 394 nescit.
498 346 646 397 Optime
676 354 783 394 vero,
820 353 931 395 quarn
974 342 1010 383 in
1043 346 1250 395 temporum
1281 343 1598 396 descriptionibus

184 410 324 465 infidus
354 417 423 467 sit,
463 426 508 456 ex
540 425 586 456 eo
617 413 805 466 intelligas
837 413 940 465 loco,
973 411 1032 453 ubi
1062 412 1108 454 de
1138 411 1265 454 Severi
1298 413 1528 465 expeditione
1558 413 1595 454 in

186 489 328 529 Persas
378 487 560 537 suscepta
617 485 752 525 narrat.
846 483 1011 524 Primum
1060 483 1250 525 incursum
1301 482 1351 524 ab
1399 484 1597 525 Artaxerxe

181 558 323 602 factum
355 565 446 599 esse
476 555 513 596 iu
546 554 880 606 Mesopotamiam,
911 563 995 593 cum
1030 552 1236 593 Alexander
1267 552 1441 594 tredecim
1473 563 1596 594 annos

183 627 385 678 imperator
414 623 629 677 appellatus
668 624 797 672 esset,
829 623 1028 664 memoriae
1069 622 1189 663 tradit.
1253 618 1440 665 Severum
1473 622 1598 675 igitur,

181 699 214 745 si
247 693 500 738 Herodianum
531 694 787 744 sequeremur,
822 703 936 744 quum
967 703 1092 734 aiinos
1125 692 1299 733 tredecim
1319 692 1494 734 Roniano
1526 692 1596 733 im-

182 764 524 816 periopraeesset,
553 773 630 814 quo
658 773 763 804 anim
791 764 944 804 occisus
975 766 1098 813 esset,
1129 763 1194 802 iter
1225 762 1261 802 in
1295 763 1422 803 Asiam
1458 762 1597 802 fecisse

181 835 347 876 statuere
376 829 621 876 deberemus!
653 832 722 881 (cf.
755 832 891 875 Herod.
924 832 986 874 lib.
1019 832 1076 873 vl.
1110 845 1141 873 c.
1175 830 1239 886 2)

299 904 337 949 ln
370 903 499 945 notitia
528 902 782 955 geographica
814 901 1069 943 Herodianum
1110 901 1267 943 multum
1308 911 1492 952 peccasse
1513 901 1595 953 jam

184 972 451 1018 'Pillernontius
480 971 760 1021 ani-inadvertit3
811 982 938 1013 verum
971 981 1118 1012 errores
1151 970 1238 1012 illos
1271 981 1346 1011 non
1383 970 1430 1011 ad
1463 981 1597 1011 omnes

182 1035 326 1095 imperii
356 1041 519 1085 Romani
553 1041 680 1094 partes
709 1041 893 1094 pertinere
930 1040 1040 1082 facile
1071 1040 1248 1093 reperies.
1309 1039 1449 1093 Magna
1481 1039 1597 1081 Hero-

182 1112 280 1154 diani
320 1111 515 1153 inscientia
555 1114 615 1153 est
661 1122 790 1153 earum
834 1111 1026 1165 regionum
1071 1110 1313 1160 urbiumque,
1358 1120 1454 1161 quae
1493 1114 1598 1151 trans

165 1180 470 1233 'Hellespontum
516 1181 553 1222 in
603 1180 691 1222 Asia
729 1180 900 1222 orientali
938 1178 1129 1233 Syriaque
1174 1179 1271 1220 sitae
1319 1181 1429 1230 sunt3
1481 1179 1598 1221 multo

181 1250 466 1310 autemyininus
498 1250 597 1291 recte
621 1248 820 1301 judicaris,
851 1250 884 1291 si
917 1250 953 1291 in
986 1248 1137 1301 Europa
1169 1249 1388 1302 Armaque,
1419 1253 1597 1301 quantum

183 1319 229 1360 de
262 1319 357 1363 locis
388 1319 525 1364 narum·
554 1319 675 1361 terrae
705 1318 862 1371 partium
896 1319 1079 1371 loquitur,
1125 1318 1257 1360 eodem
1291 1319 1402 1360 modo
1432 1330 1598 1369 errasse,

180 1400 267 1430 eum
297 1388 499 1440 acceperis.
564 1387 749 1432 Brevitate
785 1389 882 1430 enim
913 1389 1079 1439 dicendi,
1126 1388 1473 1440 improprietateque
1514 1399 1596 1430 ver-

184 1459 319 1505 borum
345 1468 538 1505 norrraro
569 1458 713 1500 fuctum
743 1462 823 1509 est,
871 1461 910 1501 ut
956 1459 990 1500 in
1038 1458 1096 1500 liis
1137 1457 1390 1511 geographiae
1428 1458 1597 1511 partibus

178 1528 401 1572 inscientiae
447 1527 630 1572 innuente)
675 1530 905 1581 arginretur.
982 1527 1023 1569 F.
1063 1529 1104 1569 A.
1145 1526 1310 1571 Wolfius
1349 1525 1458 1582 (pag.
1492 1527 1599 1579 Llll.)

183 1596 333 1648 Omitto,
363 1596 427 1646 ait,
458 1596 872 1643 miram-narrationem
905 1597 964 1649 Vl,
997 1595 1020 1640 7
1062 1596 1124 1639 ubi
1157 1596 1328 1652 illyricos
1360 1597 1496 1639 nulites
1527 1596 1599 1640 Se-

183 1666 257 1708 veri
287 1665 487 1712 Alexandri
518 1675 671 1709 caesam
702 1677 726 1707 a
744 1668 942 1708 Germanis
975 1667 1073 1708 domi
1105 1667 1285 1708 familiam
1308 1678 1419 1708 suam
1439 1669 1598 1717 questos

183 1734 331 1784 scribit,
376 1745 491 1786 quum
539 1734 669 1787 paullo
712 1740 800 1778 ante
839 1737 914 1778 illis
954 1737 1064 1778 modo
1096 1737 1302 1789 periculum
1345 1747 1369 1777 a
1401 1737 1598 1778 Germanis

182 1815 274 1848 esse
304 1805 579 1848 memorasset:
625 1816 712 1848 nam
758 1806 851 1848 liaeo
894 1806 1170 1859 interpretando
1216 1806 1419 1847 conciliare
1464 1807 1598 1848 licebit.

183 1872 258 1918 Sed
291 1873 402 1924 quale
431 1873 524 1917 illud
555 1877 637 1926 est,
684 1886 798 1926 quum
830 1875 955 1917 statim
988 1876 1037 1917 ita
1069 1876 1339 1928 pergit‚.quasi
1372 1876 1598 1927 Alexandro,

183 1953 230 1985 ex
260 1941 409 1988 Oriente
439 1944 607 1995 profecto
636 1944 684 1987 ad
716 1945 988 1987 Germanorum
1019 1945 1157 1986 bellurn
1174 1943 1336 1986 Rhenus
1368 1955 1444 1986 non
1465 1944 1596 1986 Danu-

183 2011 269 2057 biuS.
305 2011 551 2062 trajiciendos
596 2013 720 2056 fuerit-
780 2013 865 2054 Mox
905 2014 943 2053 in
982 2013 1113 2054 eodem
1154 2013 1277 2065 capite
1305 2013 1594 2066 descriptionem

183 2079 271 2133 gelu
300 2079 524 2125 duraturum
553 2079 748 2126 fluminum
781 2081 895 2134 injicit
924 2083 1020 2124 satis
1052 2083 1259 2135 ineptam.“.
1317 2082 1418 2123 Haec
1447 2082 1598 2133 quidem

183 2149 319 2201 verba,
360 2160 458 2201 quae
488 2149 652 2194 Wolt'ms
684 2155 813 2195 cotnra
843 2152 1099 2195 Herodianum
1127 2152 1233 2201 dicit,
1280 2151 1388 2193 facile
1420 2155 1596 2203 possunt,

185 2217 318 2264 refelli..
378 2217 435 2262 Ex
465 2218 590 2272 [Hyria
621 2221 722 2263 enirn
752 2221 907 2263 nuntius
936 2222 984 2263 ad
1001 2220 1182 2264 Severum
1200 2220 1416 2262 Antiochiae
1443 2231 1595 2261 moran-

182 2288 256 2331 tem
301 2288 446 2332 allatus
492 2291 592 2339 erat,
637 2291 847 2333 Germanos
886 2293 994 2333 trans
1026 2290 1200 2332 Rhenum
1233 2290 1520 2340 Danubiumque
1559 2291 1594 2330 in

184 2356 381 2404 Romanos
428 2359 523 2400 lines
570 2359 669 2401 hand
717 2361 844 2412 parvis
882 2361 1001 2412 copiis
1041 2360 1209 2401 irruisse.
1271 2357 1438 2399 Severus
1468 2360 1594 2399 autem

182 2437 266 2469 cum
300 2427 436 2471 milites
466 2438 513 2472 ex
545 2427 669 2481 illyria
699 2428 747 2470 ad
779 2428 1028 2471 debellandos
1060 2429 1202 2470 Persas
1233 2430 1268 2469 in
1303 2428 1429 2469 Asiam
1461 2438 1593 2470 seeum

181 2495 372 2548 duxisset,
419 2497 592 2541 Germani
642 2497 747 2539 nullo
794 2498 991 2540 resistente
1038 2498 1111 2538 late
1157 2500 1290 2539 terrain
1339 2499 1593 2538 vastaverunt.

182 2563 316 2611 Milites
346 2564 481 2620 lllyrici
521 2566 593 2611 boc
626 2566 757 2609 nuntio
787 2566 955 2609 seditiosi
988 2568 1072 2610 iacti
1104 2566 1232 2608 Severi
1264 2566 1451 2620 ignaviam
1483 2571 1595 2618 atque

178 2632 370 2681 desidiam·
400 2634 683 2688 merwuermin
730 2647 806 2688 quo
837 2636 933 2678 facto
965 2637 1162 2689 imperator
1194 2636 1229 2676 in
1262 2636 1474 2677 Germanos
1506 2647 1594 2689 pro-

182 2701 298 2749 ficisci
328 2704 533 2753 constituit.
579 2705 686 2750 Hanc
717 2706 865 2757 quidem
896 2705 1166 2758 expeditionem
1198 2704 1437 2747 Herodianus
1468 2706 1595 2748 leviter
