<?xml version="1.0" encoding="UTF-8"?>
<!DOCTYPE html PUBLIC "-//W3C//DTD XHTML 1.0 Transitional//EN"
    "http://www.w3.org/TR/xhtml1/DTD/xhtml1-transitional.dtd">
<html xmlns="http://www.w3.org/1999/xhtml" xml:lang="en" lang="en">
 <head>
  <title>
</title>
<meta http-equiv="Content-Type" content="text/html;charset=utf-8" />
  <meta name='ocr-system' content='tesseract 3.04.00' />
  <meta name='ocr-capabilities' content='ocr_page ocr_carea ocr_par ocr_line ocrx_word'/>
</head>
<body>
  <div class='ocr_page' id='page_1' title='image "4737207_0013.png"; bbox 0 0 1808 3071; ppageno 0'>
   <div class='ocr_carea' id='block_1_1' title="bbox 898 138 921 181">
    <p class='ocr_par' dir='ltr' id='par_1_1' title="bbox 898 138 921 181">
     <span class='ocr_line' id='line_1_1' title="bbox 898 138 921 181; baseline 0 0"><span class='ocrx_word' id='word_1_1' title='bbox 898 138 921 181; x_wconf 80' lang='lat'>7</span> 
     </span>
    </p>
   </div>
   <div class='ocr_carea' id='block_1_2' title="bbox 198 245 1613 995">
    <p class='ocr_par' dir='ltr' id='par_1_2' title="bbox 198 245 1613 995">
     <span class='ocr_line' id='line_1_2' title="bbox 202 245 1613 300; baseline 0.001 -12"><span class='ocrx_word' id='word_1_2' title='bbox 202 248 259 288; x_wconf 90' lang='lat' dir='ltr'><strong>sis</strong></span> <span class='ocrx_word' id='word_1_3' title='bbox 291 246 499 289; x_wconf 82' lang='lat' dir='ltr'><strong>Maxirninia</strong></span> <span class='ocrx_word' id='word_1_4' title='bbox 532 245 750 288; x_wconf 82' lang='lat' dir='ltr'><strong>crudelitate</strong></span> <span class='ocrx_word' id='word_1_5' title='bbox 778 256 891 286; x_wconf 85' lang='lat' dir='ltr'><strong>nemo</strong></span> <span class='ocrx_word' id='word_1_6' title='bbox 923 247 1020 294; x_wconf 84' lang='lat' dir='ltr'><strong>erat,</strong></span> <span class='ocrx_word' id='word_1_7' title='bbox 1060 247 1119 296; x_wconf 89' lang='lat' dir='ltr'><strong>qui</strong></span> <span class='ocrx_word' id='word_1_8' title='bbox 1153 248 1331 299; x_wconf 85' lang='lat' dir='ltr'><strong>populum</strong></span> <span class='ocrx_word' id='word_1_9' title='bbox 1363 250 1613 300; x_wconf 87' lang='lat' dir='ltr'><strong>senatumque</strong></span> 
     </span>
     <span class='ocr_line' id='line_1_3' title="bbox 201 315 1590 368; baseline 0.001 -10"><span class='ocrx_word' id='word_1_10' title='bbox 201 316 426 360; x_wconf 83' lang='lat' dir='ltr'><strong>defenderet.</strong></span> <span class='ocrx_word' id='word_1_11' title='bbox 489 315 614 365; x_wconf 80' lang='lat' dir='ltr'><strong>ltaque</strong></span> <span class='ocrx_word' id='word_1_12' title='bbox 645 317 779 356; x_wconf 85' lang='lat' dir='ltr'><strong>senatu</strong></span> <span class='ocrx_word' id='word_1_13' title='bbox 812 318 1017 357; x_wconf 82' lang='lat' dir='ltr'><strong>eouvooato</strong></span> <span class='ocrx_word' id='word_1_14' title='bbox 1046 315 1234 357; x_wconf 77' lang='lat' dir='ltr'><strong>decretum</strong></span> <span class='ocrx_word' id='word_1_15' title='bbox 1265 320 1343 368; x_wconf 85' lang='lat' dir='ltr'><strong>est,</strong></span> <span class='ocrx_word' id='word_1_16' title='bbox 1368 321 1429 361; x_wconf 52' lang='lat' dir='ltr'><strong>’ut</strong></span> <span class='ocrx_word' id='word_1_17' title='bbox 1459 318 1509 361; x_wconf 89' lang='lat' dir='ltr'><strong>ab</strong></span> <span class='ocrx_word' id='word_1_18' title='bbox 1541 319 1590 360; x_wconf 88' lang='lat' dir='ltr'><strong>im</strong></span> 
     </span>
     <span class='ocr_line' id='line_1_4' title="bbox 202 384 1609 441; baseline 0.003 -13"><span class='ocrx_word' id='word_1_19' title='bbox 202 387 365 431; x_wconf 79' lang='lat' dir='ltr'><strong>minente</strong></span> <span class='ocrx_word' id='word_1_20' title='bbox 411 384 576 437; x_wconf 82' lang='lat' dir='ltr'><strong>periculo</strong></span> <span class='ocrx_word' id='word_1_21' title='bbox 624 395 668 427; x_wconf 89' lang='lat' dir='ltr'><strong>se</strong></span> <span class='ocrx_word' id='word_1_22' title='bbox 708 395 857 437; x_wconf 89' lang='lat' dir='ltr'><strong>suaque</strong></span> <span class='ocrx_word' id='word_1_23' title='bbox 901 387 1105 437; x_wconf 83' lang='lat' dir='ltr'><strong>tuerentur,</strong></span> <span class='ocrx_word' id='word_1_24' title='bbox 1150 386 1227 429; x_wconf 88' lang='lat' dir='ltr'><strong>duo</strong></span> <span class='ocrx_word' id='word_1_25' title='bbox 1248 386 1327 428; x_wconf 51' lang='lat' dir='ltr'><strong>¹alii</strong></span> <span class='ocrx_word' id='word_1_26' title='bbox 1366 388 1609 441; x_wconf 85' lang='lat' dir='ltr'><strong>imperatores</strong></span> 
     </span>
     <span class='ocr_line' id='line_1_5' title="bbox 200 454 1607 507; baseline 0.004 -12"><span class='ocrx_word' id='word_1_27' title='bbox 200 454 426 504; x_wconf 78' lang='lat' dir='ltr'><strong>crearentur,</strong></span> <span class='ocrx_word' id='word_1_28' title='bbox 456 454 515 505; x_wconf 89' lang='lat' dir='ltr'><strong>qui</strong></span> <span class='ocrx_word' id='word_1_29' title='bbox 548 456 732 507; x_wconf 75' lang='lat' dir='ltr'><strong>potestate</strong></span> <span class='ocrx_word' id='word_1_30' title='bbox 763 455 904 504; x_wconf 85' lang='lat' dir='ltr'><strong>divisa,</strong></span> <span class='ocrx_word' id='word_1_31' title='bbox 948 464 995 495; x_wconf 88' lang='lat' dir='ltr'><strong>ne</strong></span> <span class='ocrx_word' id='word_1_32' title='bbox 1027 456 1138 497; x_wconf 76' lang='lat' dir='ltr'><strong>tinius</strong></span> <span class='ocrx_word' id='word_1_33' title='bbox 1170 457 1360 499; x_wconf 80' lang='lat' dir='ltr'><strong>ferocitate</strong></span> <span class='ocrx_word' id='word_1_34' title='bbox 1390 457 1491 498; x_wconf 86' lang='lat' dir='ltr'><strong>cives</strong></span> <span class='ocrx_word' id='word_1_35' title='bbox 1520 470 1607 500; x_wconf 90' lang='lat' dir='ltr'><strong>crn-</strong></span> 
     </span>
     <span class='ocr_line' id='line_1_6' title="bbox 200 523 1608 578; baseline 0.002 -13"><span class='ocrx_word' id='word_1_36' title='bbox 200 523 407 575; x_wconf 78' lang='lat' dir='ltr'><strong>oiarentur,</strong></span> <span class='ocrx_word' id='word_1_37' title='bbox 453 523 607 566; x_wconf 64' lang='lat' dir='ltr'><strong>viribus*</strong></span> <span class='ocrx_word' id='word_1_38' title='bbox 641 524 756 565; x_wconf 89' lang='lat' dir='ltr'><strong>unitis</strong></span> <span class='ocrx_word' id='word_1_39' title='bbox 788 523 1032 565; x_wconf 66' lang='lat' dir='ltr'><strong>Maviunnum</strong></span> <span class='ocrx_word' id='word_1_40' title='bbox 1072 525 1248 567; x_wconf 87' lang='lat' dir='ltr'><strong>delerent.</strong></span> <span class='ocrx_word' id='word_1_41' title='bbox 1302 525 1413 568; x_wconf 81' lang='lat' dir='ltr'>Nulli</span> <span class='ocrx_word' id='word_1_42' title='bbox 1446 527 1518 567; x_wconf 89' lang='lat' dir='ltr'><strong>nisi</strong></span> <span class='ocrx_word' id='word_1_43' title='bbox 1549 529 1608 578; x_wconf 87' lang='lat' dir='ltr'><strong>qui</strong></span> 
     </span>
     <span class='ocr_line' id='line_1_7' title="bbox 200 593 1608 648; baseline 0.003 -15"><span class='ocrx_word' id='word_1_44' title='bbox 200 593 398 634; x_wconf 82' lang='lat' dir='ltr'><strong>senatores</strong></span> <span class='ocrx_word' id='word_1_45' title='bbox 428 593 594 643; x_wconf 81' lang='lat' dir='ltr'><strong>fuerunt,</strong></span> <span class='ocrx_word' id='word_1_46' title='bbox 641 593 675 632; x_wconf 92' lang='lat' dir='ltr'><strong>in</strong></span> <span class='ocrx_word' id='word_1_47' title='bbox 722 595 895 634; x_wconf 85' lang='lat' dir='ltr'><strong>senatum</strong></span> <span class='ocrx_word' id='word_1_48' title='bbox 936 596 1052 634; x_wconf 82' lang='lat' dir='ltr'><strong>coacti</strong></span> <span class='ocrx_word' id='word_1_49' title='bbox 1085 596 1175 634; x_wconf 86' lang='lat' dir='ltr'><strong>sunt</strong></span> <span class='ocrx_word' id='word_1_50' title='bbox 1206 595 1373 636; x_wconf 84' lang='lat' dir='ltr'><strong>seclusis</strong></span> <span class='ocrx_word' id='word_1_51' title='bbox 1404 596 1515 637; x_wconf 84' lang='lat' dir='ltr'><strong>etiarn</strong></span> <span class='ocrx_word' id='word_1_52' title='bbox 1549 596 1608 648; x_wconf 84' lang='lat' dir='ltr'><strong>iis,</strong></span> 
     </span>
     <span class='ocr_line' id='line_1_8' title="bbox 200 660 1609 717; baseline 0.004 -15"><span class='ocrx_word' id='word_1_53' title='bbox 200 660 359 712; x_wconf 87' lang='lat' dir='ltr'><strong>quibus,</strong></span> <span class='ocrx_word' id='word_1_54' title='bbox 407 661 447 701; x_wconf 91' lang='lat' dir='ltr'><strong>ut</strong></span> <span class='ocrx_word' id='word_1_55' title='bbox 484 670 568 701; x_wconf 90' lang='lat' dir='ltr'><strong>mos</strong></span> <span class='ocrx_word' id='word_1_56' title='bbox 599 664 697 712; x_wconf 87' lang='lat' dir='ltr'><strong>erat,</strong></span> <span class='ocrx_word' id='word_1_57' title='bbox 746 662 966 704; x_wconf 88' lang='lat' dir='ltr'><strong>muneribus</strong></span> <span class='ocrx_word' id='word_1_58' title='bbox 995 663 1219 713; x_wconf 86' lang='lat' dir='ltr'><strong>quibusdam</strong></span> <span class='ocrx_word' id='word_1_59' title='bbox 1250 665 1484 717; x_wconf 82' lang='lat' dir='ltr'><strong>fungendum</strong></span> <span class='ocrx_word' id='word_1_60' title='bbox 1516 668 1609 708; x_wconf 80' lang='lat' dir='ltr'><strong>erat.</strong></span> 
     </span>
     <span class='ocr_line' id='line_1_9' title="bbox 200 729 1607 783; baseline 0.003 -12"><span class='ocrx_word' id='word_1_61' title='bbox 200 729 331 781; x_wconf 86' lang='lat' dir='ltr'><strong>Neque</strong></span> <span class='ocrx_word' id='word_1_62' title='bbox 361 729 470 770; x_wconf 88' lang='lat' dir='ltr'><strong>etiam</strong></span> <span class='ocrx_word' id='word_1_63' title='bbox 503 740 548 770; x_wconf 91' lang='lat' dir='ltr'><strong>eo</strong></span> <span class='ocrx_word' id='word_1_64' title='bbox 580 731 664 772; x_wconf 88' lang='lat' dir='ltr'><strong>loco</strong></span> <span class='ocrx_word' id='word_1_65' title='bbox 695 732 855 771; x_wconf 88' lang='lat' dir='ltr'><strong>senatus</strong></span> <span class='ocrx_word' id='word_1_66' title='bbox 888 730 1036 772; x_wconf 86' lang='lat' dir='ltr'><strong>babitus</strong></span> <span class='ocrx_word' id='word_1_67' title='bbox 1068 735 1140 781; x_wconf 87' lang='lat' dir='ltr'><strong>est,</strong></span> <span class='ocrx_word' id='word_1_68' title='bbox 1173 732 1232 772; x_wconf 92' lang='lat' dir='ltr'><strong>ubi</strong></span> <span class='ocrx_word' id='word_1_69' title='bbox 1264 733 1433 783; x_wconf 80' lang='lat' dir='ltr'><strong>solebat,</strong></span> <span class='ocrx_word' id='word_1_70' title='bbox 1471 735 1538 775; x_wconf 91' lang='lat' dir='ltr'><strong>sed</strong></span> <span class='ocrx_word' id='word_1_71' title='bbox 1571 736 1607 775; x_wconf 93' lang='lat' dir='ltr'><strong>in</strong></span> 
     </span>
     <span class='ocr_line' id='line_1_10' title="bbox 201 798 1610 852; baseline 0.004 -12"><span class='ocrx_word' id='word_1_72' title='bbox 201 798 395 852; x_wconf 80' lang='lat' dir='ltr'><strong>Capitolio.</strong></span> <span class='ocrx_word' id='word_1_73' title='bbox 460 798 508 840; x_wconf 88' lang='lat' dir='ltr'><strong>lbi</strong></span> <span class='ocrx_word' id='word_1_74' title='bbox 555 804 754 840; x_wconf 74' lang='lat' dir='ltr'><strong>senatores</strong></span> <span class='ocrx_word' id='word_1_75' title='bbox 799 810 845 841; x_wconf 87' lang='lat' dir='ltr'><strong>ex</strong></span> <span class='ocrx_word' id='word_1_76' title='bbox 884 801 950 850; x_wconf 73' lang='lat' dir='ltr'><strong>iis,</strong></span> <span class='ocrx_word' id='word_1_77' title='bbox 994 801 1055 851; x_wconf 92' lang='lat' dir='ltr'><strong>qui</strong></span> <span class='ocrx_word' id='word_1_78' title='bbox 1098 803 1134 841; x_wconf 92' lang='lat' dir='ltr'><strong>et</strong></span> <span class='ocrx_word' id='word_1_79' title='bbox 1166 801 1297 843; x_wconf 87' lang='lat' dir='ltr'><strong>virtute</strong></span> <span class='ocrx_word' id='word_1_80' title='bbox 1334 806 1372 843; x_wconf 88' lang='lat' dir='ltr'><strong>et</strong></span> <span class='ocrx_word' id='word_1_81' title='bbox 1402 803 1542 845; x_wconf 87' lang='lat' dir='ltr'><strong>viribus</strong></span> <span class='ocrx_word' id='word_1_82' title='bbox 1573 805 1610 845; x_wconf 91' lang='lat' dir='ltr'><strong>et</strong></span> 
     </span>
     <span class='ocr_line' id='line_1_11' title="bbox 198 868 1610 925; baseline 0.002 -14"><span class='ocrx_word' id='word_1_83' title='bbox 198 869 418 911; x_wconf 83' lang='lat' dir='ltr'><strong>auctoritate</strong></span> <span class='ocrx_word' id='word_1_84' title='bbox 449 868 623 921; x_wconf 82' lang='lat' dir='ltr'><strong>insignes</strong></span> <span class='ocrx_word' id='word_1_85' title='bbox 654 870 773 918; x_wconf 91' lang='lat' dir='ltr'><strong>erant,</strong></span> <span class='ocrx_word' id='word_1_86' title='bbox 808 871 1161 922; x_wconf 82' lang='lat' dir='ltr'><strong>praestantissimos</strong></span> <span class='ocrx_word' id='word_1_87' title='bbox 1183 872 1285 913; x_wconf 90' lang='lat' dir='ltr'><strong>viros</strong></span> <span class='ocrx_word' id='word_1_88' title='bbox 1315 872 1517 925; x_wconf 80' lang='lat' dir='ltr'><strong>eligebant.</strong></span> <span class='ocrx_word' id='word_1_89' title='bbox 1563 873 1610 915; x_wconf 91' lang='lat' dir='ltr'><strong>Ut</strong></span> 
     </span>
     <span class='ocr_line' id='line_1_12' title="bbox 200 937 1609 995; baseline 0.001 -15"><span class='ocrx_word' id='word_1_90' title='bbox 200 937 348 980; x_wconf 88' lang='lat' dir='ltr'><strong>solebat</strong></span> <span class='ocrx_word' id='word_1_91' title='bbox 393 938 428 979; x_wconf 91' lang='lat' dir='ltr'><strong>in</strong></span> <span class='ocrx_word' id='word_1_92' title='bbox 475 937 699 979; x_wconf 74' lang='lat' dir='ltr'><strong>sententiam</strong></span> <span class='ocrx_word' id='word_1_93' title='bbox 747 938 836 981; x_wconf 87' lang='lat' dir='ltr'><strong>itum</strong></span> <span class='ocrx_word' id='word_1_94' title='bbox 883 941 944 980; x_wconf 90' lang='lat' dir='ltr'><strong>est</strong></span> <span class='ocrx_word' id='word_1_95' title='bbox 981 943 1018 980; x_wconf 87' lang='lat' dir='ltr'><strong>et</strong></span> <span class='ocrx_word' id='word_1_96' title='bbox 1055 950 1283 991; x_wconf 84' lang='lat' dir='ltr'><strong>quamquam</strong></span> <span class='ocrx_word' id='word_1_97' title='bbox 1321 940 1384 981; x_wconf 89' lang='lat' dir='ltr'><strong>alii</strong></span> <span class='ocrx_word' id='word_1_98' title='bbox 1416 939 1609 995; x_wconf 79' lang='lat' dir='ltr'><strong>suffragiis</strong></span> 
     </span>
    </p>
   </div>
   <div class='ocr_carea' id='block_1_3' title="bbox 197 1007 1609 1124">
    <p class='ocr_par' dir='ltr' id='par_1_3' title="bbox 197 1007 1609 1124">
     <span class='ocr_line' id='line_1_13' title="bbox 197 1007 1609 1068; baseline 0.002 -19"><span class='ocrx_word' id='word_1_99' title='bbox 197 1007 329 1060; x_wconf 88' lang='lat' dir='ltr'><strong>paucis</strong></span> <span class='ocrx_word' id='word_1_100' title='bbox 359 1007 470 1048; x_wconf 84' lang='lat' dir='ltr'><strong>creati</strong></span> <span class='ocrx_word' id='word_1_101' title='bbox 502 1008 594 1048; x_wconf 91' lang='lat' dir='ltr'><strong>sunt</strong></span> <span class='ocrx_word' id='word_1_102' title='bbox 624 1007 737 1068; x_wconf 84' lang='lat' dir='ltr'><strong>longe</strong></span> <span class='ocrx_word' id='word_1_103' title='bbox 769 1007 941 1060; x_wconf 84' lang='lat' dir='ltr'><strong>plurimis</strong></span> <span class='ocrx_word' id='word_1_104' title='bbox 973 1008 1166 1062; x_wconf 80' lang='lat' dir='ltr'><strong>suffragiis</strong></span> <span class='ocrx_word' id='word_1_105' title='bbox 1198 1009 1387 1052; x_wconf 82' lang='lat' dir='ltr'><strong>Maximus</strong></span> <span class='ocrx_word' id='word_1_106' title='bbox 1412 1009 1609 1063; x_wconf 87' lang='lat' dir='ltr'><strong>Pupienus</strong></span> 
     </span>
     <span class='ocr_line' id='line_1_14' title="bbox 200 1074 731 1124; baseline 0 -7"><span class='ocrx_word' id='word_1_107' title='bbox 200 1078 236 1118; x_wconf 92' lang='lat' dir='ltr'><strong>et</strong></span> <span class='ocrx_word' id='word_1_108' title='bbox 267 1075 453 1118; x_wconf 78' lang='lat' dir='ltr'><strong>Balbinus</strong></span> <span class='ocrx_word' id='word_1_109' title='bbox 484 1076 651 1117; x_wconf 86' lang='lat' dir='ltr'><strong>vicerunt</strong></span> <span class='ocrx_word' id='word_1_110' title='bbox 665 1074 731 1124; x_wconf 55' lang='grc' dir='ltr'><strong>ἥ).</strong></span> 
     </span>
    </p>
   </div>
   <div class='ocr_carea' id='block_1_4' title="bbox 199 1155 1639 2178">
    <p class='ocr_par' dir='ltr' id='par_1_4' title="bbox 199 1155 1639 2178">
     <span class='ocr_line' id='line_1_15' title="bbox 317 1155 1607 1210; baseline 0.002 -11"><span class='ocrx_word' id='word_1_111' title='bbox 317 1155 507 1208; x_wconf 83' lang='lat' dir='ltr'><strong>Siquidem</strong></span> <span class='ocrx_word' id='word_1_112' title='bbox 539 1156 611 1198; x_wconf 83' lang='lat' dir='ltr'><strong>bas</strong></span> <span class='ocrx_word' id='word_1_113' title='bbox 643 1167 704 1198; x_wconf 89' lang='lat' dir='ltr'><strong>res</strong></span> <span class='ocrx_word' id='word_1_114' title='bbox 732 1156 932 1210; x_wconf 85' lang='lat' dir='ltr'><strong>diligenter</strong></span> <span class='ocrx_word' id='word_1_115' title='bbox 962 1158 998 1198; x_wconf 89' lang='lat' dir='ltr'><strong>et</strong></span> <span class='ocrx_word' id='word_1_116' title='bbox 1027 1159 1202 1199; x_wconf 84' lang='lat' dir='ltr'><strong>accurate</strong></span> <span class='ocrx_word' id='word_1_117' title='bbox 1230 1159 1266 1200; x_wconf 93' lang='lat' dir='ltr'><strong>et</strong></span> <span class='ocrx_word' id='word_1_118' title='bbox 1290 1159 1444 1202; x_wconf 89' lang='lat' dir='ltr'><strong>uberius</strong></span> <span class='ocrx_word' id='word_1_119' title='bbox 1468 1158 1607 1202; x_wconf 85' lang='lat' dir='ltr'><strong>relatas</strong></span> 
     </span>
     <span class='ocr_line' id='line_1_16' title="bbox 201 1223 1605 1279; baseline 0.001 -10"><span class='ocrx_word' id='word_1_120' title='bbox 201 1227 433 1279; x_wconf 82' lang='lat' dir='ltr'><strong>respexeris,</strong></span> <span class='ocrx_word' id='word_1_121' title='bbox 465 1226 551 1277; x_wconf 87' lang='lat' dir='ltr'><strong>quid</strong></span> <span class='ocrx_word' id='word_1_122' title='bbox 583 1228 656 1277; x_wconf 90' lang='lat' dir='ltr'><strong>est,</strong></span> <span class='ocrx_word' id='word_1_123' title='bbox 689 1235 755 1267; x_wconf 86' lang='lat' dir='ltr'><strong>cur</strong></span> <span class='ocrx_word' id='word_1_124' title='bbox 785 1237 860 1268; x_wconf 91' lang='lat' dir='ltr'><strong>non</strong></span> <span class='ocrx_word' id='word_1_125' title='bbox 893 1237 1027 1268; x_wconf 90' lang='lat' dir='ltr'><strong>sumas</strong></span> <span class='ocrx_word' id='word_1_126' title='bbox 1045 1223 1295 1269; x_wconf 83' lang='lat' dir='ltr'><strong>Herodianum</strong></span> <span class='ocrx_word' id='word_1_127' title='bbox 1327 1228 1363 1269; x_wconf 90' lang='lat' dir='ltr'><strong>in</strong></span> <span class='ocrx_word' id='word_1_128' title='bbox 1396 1228 1460 1270; x_wconf 87' lang='lat' dir='ltr'><strong>illo</strong></span> <span class='ocrx_word' id='word_1_129' title='bbox 1491 1239 1605 1271; x_wconf 87' lang='lat' dir='ltr'><strong>sena-</strong></span> 
     </span>
     <span class='ocr_line' id='line_1_17' title="bbox 200 1294 1610 1346; baseline 0.002 -9"><span class='ocrx_word' id='word_1_130' title='bbox 200 1303 321 1337; x_wconf 84' lang='lat' dir='ltr'><strong>torum</strong></span> <span class='ocrx_word' id='word_1_131' title='bbox 362 1296 546 1336; x_wconf 91' lang='lat' dir='ltr'><strong>conventn</strong></span> <span class='ocrx_word' id='word_1_132' title='bbox 587 1294 708 1336; x_wconf 85' lang='lat' dir='ltr'><strong>l&#39;uisse</strong></span> <span class='ocrx_word' id='word_1_133' title='bbox 746 1295 1046 1346; x_wconf 82' lang='lat' dir='ltr'><strong>sententiamque</strong></span> <span class='ocrx_word' id='word_1_134' title='bbox 1077 1294 1202 1346; x_wconf 87' lang='lat' dir='ltr'><strong>ipsum</strong></span> <span class='ocrx_word' id='word_1_135' title='bbox 1233 1294 1410 1338; x_wconf 80' lang='lat' dir='ltr'><strong>dixisse?</strong></span> <span class='ocrx_word' id='word_1_136' title='bbox 1425 1295 1512 1346; x_wconf 66' lang='lat'>⁹⁵⁹⁵)</span> <span class='ocrx_word' id='word_1_137' title='bbox 1571 1297 1610 1340; x_wconf 94' lang='lat' dir='ltr'><strong>ld</strong></span> 
     </span>
     <span class='ocr_line' id='line_1_18' title="bbox 199 1363 1609 1422; baseline 0 -14"><span class='ocrx_word' id='word_1_138' title='bbox 199 1369 324 1408; x_wconf 86' lang='lat' dir='ltr'><strong>autem</strong></span> <span class='ocrx_word' id='word_1_139' title='bbox 366 1365 398 1406; x_wconf 91' lang='lat' dir='ltr'><strong>si</strong></span> <span class='ocrx_word' id='word_1_140' title='bbox 434 1364 647 1417; x_wconf 84' lang='lat' dir='ltr'><strong>acceperiS‚</strong></span> <span class='ocrx_word' id='word_1_141' title='bbox 692 1363 943 1422; x_wconf 85' lang='lat' dir='ltr'><strong>Herodianum</strong></span> <span class='ocrx_word' id='word_1_142' title='bbox 976 1364 1092 1405; x_wconf 90' lang='lat' dir='ltr'><strong>virum</strong></span> <span class='ocrx_word' id='word_1_143' title='bbox 1125 1365 1355 1407; x_wconf 88' lang='lat' dir='ltr'><strong>senatorium</strong></span> <span class='ocrx_word' id='word_1_144' title='bbox 1389 1366 1511 1408; x_wconf 74' lang='lat' dir='ltr'><strong>l&#39;uisse</strong></span> <span class='ocrx_word' id='word_1_145' title='bbox 1541 1377 1609 1408; x_wconf 91' lang='lat' dir='ltr'><strong>ne-</strong></span> 
     </span>
     <span class='ocr_line' id='line_1_19' title="bbox 200 1431 1609 1486; baseline 0.001 -11"><span class='ocrx_word' id='word_1_146' title='bbox 200 1445 311 1475; x_wconf 89' lang='lat' dir='ltr'><strong>cesse</strong></span> <span class='ocrx_word' id='word_1_147' title='bbox 342 1437 411 1474; x_wconf 85' lang='lat' dir='ltr'><strong>est.</strong></span> <span class='ocrx_word' id='word_1_148' title='bbox 474 1436 564 1473; x_wconf 87' lang='lat' dir='ltr'><strong>Acta</strong></span> <span class='ocrx_word' id='word_1_149' title='bbox 595 1435 755 1474; x_wconf 88' lang='lat' dir='ltr'><strong>senatus</strong></span> <span class='ocrx_word' id='word_1_150' title='bbox 786 1431 934 1484; x_wconf 81' lang='lat' dir='ltr'><strong>quidem</strong></span> <span class='ocrx_word' id='word_1_151' title='bbox 966 1432 1071 1472; x_wconf 89' lang='lat' dir='ltr'><strong>multi</strong></span> <span class='ocrx_word' id='word_1_152' title='bbox 1102 1431 1206 1473; x_wconf 86' lang='lat' dir='ltr'><strong>adire</strong></span> <span class='ocrx_word' id='word_1_153' title='bbox 1239 1437 1458 1486; x_wconf 89' lang='lat' dir='ltr'><strong>potuerunt,</strong></span> <span class='ocrx_word' id='word_1_154' title='bbox 1490 1434 1609 1477; x_wconf 89' lang='lat' dir='ltr'><strong>Hero-</strong></span> 
     </span>
     <span class='ocr_line' id='line_1_20' title="bbox 200 1500 1611 1558; baseline 0 -13"><span class='ocrx_word' id='word_1_155' title='bbox 200 1504 337 1545; x_wconf 90' lang='lat' dir='ltr'><strong>dianus</strong></span> <span class='ocrx_word' id='word_1_156' title='bbox 370 1512 469 1551; x_wconf 91' lang='lat' dir='ltr'><strong>vero,</strong></span> <span class='ocrx_word' id='word_1_157' title='bbox 501 1501 547 1553; x_wconf 90' lang='lat' dir='ltr'><strong>si,</strong></span> <span class='ocrx_word' id='word_1_158' title='bbox 579 1512 677 1558; x_wconf 80' lang='lat' dir='ltr'><strong>quae</strong></span> <span class='ocrx_word' id='word_1_159' title='bbox 707 1501 754 1544; x_wconf 94' lang='lat' dir='ltr'><strong>de</strong></span> <span class='ocrx_word' id='word_1_160' title='bbox 785 1500 975 1555; x_wconf 80' lang='lat' dir='ltr'><strong>republica</strong></span> <span class='ocrx_word' id='word_1_161' title='bbox 1005 1502 1042 1543; x_wconf 91' lang='lat' dir='ltr'><strong>in</strong></span> <span class='ocrx_word' id='word_1_162' title='bbox 1074 1502 1210 1544; x_wconf 83' lang='lat' dir='ltr'><strong>senatu</strong></span> <span class='ocrx_word' id='word_1_163' title='bbox 1234 1507 1381 1544; x_wconf 87' lang='lat' dir='ltr'><strong>secreto</strong></span> <span class='ocrx_word' id='word_1_164' title='bbox 1397 1504 1611 1556; x_wconf 85' lang='lat' dir='ltr'><strong>agerentur,</strong></span> 
     </span>
     <span class='ocr_line' id='line_1_21' title="bbox 202 1560 1612 1624; baseline 0 -10"><span class='ocrx_word' id='word_1_165' title='bbox 202 1572 265 1614; x_wconf 91' lang='lat' dir='ltr'><strong>illo</strong></span> <span class='ocrx_word' id='word_1_166' title='bbox 298 1572 381 1623; x_wconf 88' lang='lat' dir='ltr'><strong>ipso</strong></span> <span class='ocrx_word' id='word_1_167' title='bbox 413 1575 578 1622; x_wconf 86' lang='lat' dir='ltr'><strong>tempore</strong></span> <span class='ocrx_word' id='word_1_168' title='bbox 609 1560 736 1621; x_wconf 64' lang='lat' dir='ltr'><strong>s‘civit,</strong></span> <span class='ocrx_word' id='word_1_169' title='bbox 783 1570 843 1612; x_wconf 91' lang='lat' dir='ltr'><strong>ubi</strong></span> <span class='ocrx_word' id='word_1_170' title='bbox 874 1572 1036 1612; x_wconf 88' lang='lat' dir='ltr'><strong>senatus</strong></span> <span class='ocrx_word' id='word_1_171' title='bbox 1067 1581 1134 1622; x_wconf 89' lang='lat' dir='ltr'><strong>pro</strong></span> <span class='ocrx_word' id='word_1_172' title='bbox 1166 1570 1240 1611; x_wconf 91' lang='lat' dir='ltr'><strong>illis</strong></span> <span class='ocrx_word' id='word_1_173' title='bbox 1272 1572 1525 1624; x_wconf 88' lang='lat' dir='ltr'><strong>temporibus,</strong></span> <span class='ocrx_word' id='word_1_174' title='bbox 1566 1584 1612 1614; x_wconf 91' lang='lat' dir='ltr'><strong>ne</strong></span> 
     </span>
     <span class='ocr_line' id='line_1_22' title="bbox 200 1638 1609 1693; baseline 0 -11"><span class='ocrx_word' id='word_1_175' title='bbox 200 1652 295 1692; x_wconf 88' lang='lat' dir='ltr'><strong>quae</strong></span> <span class='ocrx_word' id='word_1_176' title='bbox 341 1640 485 1693; x_wconf 89' lang='lat' dir='ltr'><strong>egisset</strong></span> <span class='ocrx_word' id='word_1_177' title='bbox 523 1640 559 1681; x_wconf 85' lang='lat' dir='ltr'><strong>in</strong></span> <span class='ocrx_word' id='word_1_178' title='bbox 592 1639 731 1692; x_wconf 79' lang='lat' dir='ltr'><strong>vulgus</strong></span> <span class='ocrx_word' id='word_1_179' title='bbox 769 1639 1083 1689; x_wconf 82' lang='lat' dir='ltr'><strong>diffunderentur,</strong></span> <span class='ocrx_word' id='word_1_180' title='bbox 1130 1638 1306 1691; x_wconf 88' lang='lat' dir='ltr'><strong>impedire</strong></span> <span class='ocrx_word' id='word_1_181' title='bbox 1344 1639 1478 1691; x_wconf 85' lang='lat' dir='ltr'><strong>voluit,</strong></span> <span class='ocrx_word' id='word_1_182' title='bbox 1526 1651 1609 1682; x_wconf 84' lang='lat' dir='ltr'><strong>cum</strong></span> 
     </span>
     <span class='ocr_line' id='line_1_23' title="bbox 202 1707 1608 1761; baseline 0 -11"><span class='ocrx_word' id='word_1_183' title='bbox 202 1709 338 1751; x_wconf 86' lang='lat' dir='ltr'><strong>milites</strong></span> <span class='ocrx_word' id='word_1_184' title='bbox 370 1708 466 1761; x_wconf 91' lang='lat' dir='ltr'><strong>plebi</strong></span> <span class='ocrx_word' id='word_1_185' title='bbox 482 1708 705 1759; x_wconf 86' lang='lat' dir='ltr'><strong>senatuique</strong></span> <span class='ocrx_word' id='word_1_186' title='bbox 734 1709 871 1749; x_wconf 78' lang='lat' dir='ltr'><strong>infensi</strong></span> <span class='ocrx_word' id='word_1_187' title='bbox 904 1710 1049 1758; x_wconf 87' lang='lat' dir='ltr'><strong>essent,</strong></span> <span class='ocrx_word' id='word_1_188' title='bbox 1082 1707 1258 1757; x_wconf 84' lang='lat' dir='ltr'><strong>feroxque</strong></span> <span class='ocrx_word' id='word_1_189' title='bbox 1275 1709 1475 1760; x_wconf 85' lang='lat' dir='ltr'><strong>imperator</strong></span> <span class='ocrx_word' id='word_1_190' title='bbox 1492 1709 1608 1750; x_wconf 84' lang='lat' dir='ltr'><strong>Maxi-</strong></span> 
     </span>
     <span class='ocr_line' id='line_1_24' title="bbox 202 1775 1611 1830; baseline -0.001 -10"><span class='ocrx_word' id='word_1_191' title='bbox 202 1779 327 1820; x_wconf 89' lang='lat' dir='ltr'><strong>minus</strong></span> <span class='ocrx_word' id='word_1_192' title='bbox 360 1779 395 1819; x_wconf 88' lang='lat' dir='ltr'><strong>in</strong></span> <span class='ocrx_word' id='word_1_193' title='bbox 429 1777 608 1830; x_wconf 90' lang='lat' dir='ltr'><strong>populum</strong></span> <span class='ocrx_word' id='word_1_194' title='bbox 641 1778 897 1830; x_wconf 84' lang='lat' dir='ltr'><strong>primoresque</strong></span> <span class='ocrx_word' id='word_1_195' title='bbox 927 1775 1086 1817; x_wconf 84' lang='lat' dir='ltr'><strong>civitatis</strong></span> <span class='ocrx_word' id='word_1_196' title='bbox 1118 1775 1322 1828; x_wconf 87' lang='lat' dir='ltr'><strong>instigatus</strong></span> <span class='ocrx_word' id='word_1_197' title='bbox 1353 1782 1478 1827; x_wconf 88' lang='lat' dir='ltr'><strong>esset,</strong></span> <span class='ocrx_word' id='word_1_198' title='bbox 1515 1788 1611 1819; x_wconf 86' lang='lat' dir='ltr'><strong>sane</strong></span> 
     </span>
     <span class='ocr_line' id='line_1_25' title="bbox 201 1841 1639 1898; baseline -0.006 -8"><span class='ocrx_word' id='word_1_199' title='bbox 201 1859 275 1890; x_wconf 90' lang='lat' dir='ltr'><strong>non</strong></span> <span class='ocrx_word' id='word_1_200' title='bbox 315 1848 477 1890; x_wconf 80' lang='lat' dir='ltr'><strong>fallimur</strong></span> <span class='ocrx_word' id='word_1_201' title='bbox 508 1846 760 1892; x_wconf 84' lang='lat' dir='ltr'><strong>Herodianum</strong></span> <span class='ocrx_word' id='word_1_202' title='bbox 798 1847 871 1888; x_wconf 89' lang='lat' dir='ltr'><strong>ista</strong></span> <span class='ocrx_word' id='word_1_203' title='bbox 893 1841 938 1886; x_wconf 61' lang='lat' dir='ltr'><strong>‘in</strong></span> <span class='ocrx_word' id='word_1_204' title='bbox 971 1849 1105 1886; x_wconf 86' lang='lat' dir='ltr'><strong>senatu</strong></span> <span class='ocrx_word' id='word_1_205' title='bbox 1137 1846 1351 1886; x_wconf 83' lang='lat' dir='ltr'><strong>senatorem</strong></span> <span class='ocrx_word' id='word_1_206' title='bbox 1382 1845 1508 1898; x_wconf 90' lang='lat' dir='ltr'><strong>ipsum</strong></span> <span class='ocrx_word' id='word_1_207' title='bbox 1539 1857 1610 1888; x_wconf 91' lang='lat' dir='ltr'><strong>au·</strong></span> <span class='ocrx_word' id='word_1_208' title='bbox 1637 1880 1639 1882; x_wconf 74' lang='grc'><strong>,</strong></span> 
     </span>
     <span class='ocr_line' id='line_1_26' title="bbox 200 1914 1610 1972; baseline -0.003 -12"><span class='ocrx_word' id='word_1_209' title='bbox 200 1918 342 1960; x_wconf 87' lang='lat' dir='ltr'><strong>divisse</strong></span> <span class='ocrx_word' id='word_1_210' title='bbox 378 1917 648 1959; x_wconf 85' lang='lat' dir='ltr'><strong>existimantes.</strong></span> <span class='ocrx_word' id='word_1_211' title='bbox 712 1916 749 1957; x_wconf 88' lang='lat' dir='ltr'><strong>ln</strong></span> <span class='ocrx_word' id='word_1_212' title='bbox 788 1916 853 1957; x_wconf 90' lang='lat' dir='ltr'><strong>illo</strong></span> <span class='ocrx_word' id='word_1_213' title='bbox 891 1916 988 1957; x_wconf 90' lang='lat' dir='ltr'><strong>enim</strong></span> <span class='ocrx_word' id='word_1_214' title='bbox 1020 1917 1208 1972; x_wconf 82' lang='lat' dir='ltr'><strong>tempore,</strong></span> <span class='ocrx_word' id='word_1_215' title='bbox 1253 1914 1315 1955; x_wconf 87' lang='lat' dir='ltr'><strong>ubi</strong></span> <span class='ocrx_word' id='word_1_216' title='bbox 1348 1915 1476 1956; x_wconf 86' lang='lat' dir='ltr'><strong>multis</strong></span> <span class='ocrx_word' id='word_1_217' title='bbox 1507 1915 1610 1956; x_wconf 85' lang='lat' dir='ltr'><strong>sedi-</strong></span> 
     </span>
     <span class='ocr_line' id='line_1_27' title="bbox 201 1983 1610 2037; baseline -0.004 -7"><span class='ocrx_word' id='word_1_218' title='bbox 201 1988 366 2030; x_wconf 87' lang='lat' dir='ltr'><strong>tionibus</strong></span> <span class='ocrx_word' id='word_1_219' title='bbox 410 1986 540 2037; x_wconf 71' lang='lat' dir='ltr'><strong>factis-3,</strong></span> <span class='ocrx_word' id='word_1_220' title='bbox 586 1987 764 2027; x_wconf 89' lang='lat' dir='ltr'><strong>externus</strong></span> <span class='ocrx_word' id='word_1_221' title='bbox 803 1986 913 2026; x_wconf 85' lang='lat' dir='ltr'><strong>timor</strong></span> <span class='ocrx_word' id='word_1_222' title='bbox 949 1985 1154 2036; x_wconf 87' lang='lat' dir='ltr'><strong>suspectos</strong></span> <span class='ocrx_word' id='word_1_223' title='bbox 1184 1983 1610 2034; x_wconf 71' lang='lat' dir='ltr'><strong>infensosque‘animos</strong></span> 
     </span>
     <span class='ocr_line' id='line_1_28' title="bbox 203 2052 1612 2109; baseline -0.001 -12"><span class='ocrx_word' id='word_1_224' title='bbox 203 2057 238 2098; x_wconf 91' lang='lat' dir='ltr'><strong>in</strong></span> <span class='ocrx_word' id='word_1_225' title='bbox 270 2058 420 2109; x_wconf 89' lang='lat' dir='ltr'><strong>tempus</strong></span> <span class='ocrx_word' id='word_1_226' title='bbox 451 2060 528 2097; x_wconf 80' lang='lat' dir='ltr'><strong>tuin</strong></span> <span class='ocrx_word' id='word_1_227' title='bbox 561 2055 655 2096; x_wconf 89' lang='lat' dir='ltr'><strong>inter</strong></span> <span class='ocrx_word' id='word_1_228' title='bbox 684 2065 729 2095; x_wconf 93' lang='lat' dir='ltr'><strong>se</strong></span> <span class='ocrx_word' id='word_1_229' title='bbox 751 2054 952 2108; x_wconf 68' lang='lat' dir='ltr'><strong>¹pingebat,</strong></span> <span class='ocrx_word' id='word_1_230' title='bbox 982 2055 1058 2094; x_wconf 87' lang='lat' dir='ltr'><strong>tum</strong></span> <span class='ocrx_word' id='word_1_231' title='bbox 1091 2052 1300 2103; x_wconf 82' lang='lat' dir='ltr'><strong>dirimebat,</strong></span> <span class='ocrx_word' id='word_1_232' title='bbox 1341 2052 1402 2093; x_wconf 89' lang='lat' dir='ltr'><strong>ubi</strong></span> <span class='ocrx_word' id='word_1_233' title='bbox 1423 2052 1612 2095; x_wconf 84' lang='lat' dir='ltr'><strong>discordia</strong></span> 
     </span>
     <span class='ocr_line' id='line_1_29' title="bbox 203 2122 1611 2178; baseline -0.004 -10"><span class='ocrx_word' id='word_1_234' title='bbox 203 2128 296 2168; x_wconf 86' lang='lat' dir='ltr'><strong>inter</strong></span> <span class='ocrx_word' id='word_1_235' title='bbox 326 2127 501 2167; x_wconf 89' lang='lat' dir='ltr'><strong>senatum</strong></span> <span class='ocrx_word' id='word_1_236' title='bbox 533 2126 569 2166; x_wconf 93' lang='lat' dir='ltr'><strong>et</strong></span> <span class='ocrx_word' id='word_1_237' title='bbox 600 2124 744 2178; x_wconf 88' lang='lat' dir='ltr'><strong>plebem</strong></span> <span class='ocrx_word' id='word_1_238' title='bbox 777 2126 857 2166; x_wconf 87' lang='lat' dir='ltr'><strong>orta</strong></span> <span class='ocrx_word' id='word_1_239' title='bbox 889 2128 961 2175; x_wconf 87' lang='lat' dir='ltr'><strong>est,</strong></span> <span class='ocrx_word' id='word_1_240' title='bbox 992 2123 1052 2165; x_wconf 90' lang='lat' dir='ltr'><strong>ubi</strong></span> <span class='ocrx_word' id='word_1_241' title='bbox 1072 2122 1210 2164; x_wconf 88' lang='lat' dir='ltr'><strong>milites</strong></span> <span class='ocrx_word' id='word_1_242' title='bbox 1240 2122 1320 2162; x_wconf 89' lang='lat' dir='ltr'><strong>tum</strong></span> <span class='ocrx_word' id='word_1_243' title='bbox 1344 2131 1429 2163; x_wconf 81' lang='lat' dir='ltr'><strong>cuin</strong></span> <span class='ocrx_word' id='word_1_244' title='bbox 1461 2124 1611 2173; x_wconf 86' lang='lat' dir='ltr'><strong>senatu,</strong></span> 
     </span>
    </p>
   </div>
   <div class='ocr_carea' id='block_1_5' title="bbox 202 2273 1613 2608">
    <p class='ocr_par' dir='ltr' id='par_1_5' title="bbox 297 2273 1057 2320">
     <span class='ocr_line' id='line_1_30' title="bbox 297 2273 1057 2320; baseline -0.004 -9"><span class='ocrx_word' id='word_1_245' title='bbox 297 2274 332 2320; x_wconf 81' lang='lat'><strong>*)</strong></span> <span class='ocrx_word' id='word_1_246' title='bbox 358 2275 552 2311; x_wconf 81' lang='lat' dir='ltr'><strong>Herodian.</strong></span> <span class='ocrx_word' id='word_1_247' title='bbox 576 2275 637 2309; x_wconf 91' lang='lat' dir='ltr'><strong>lib.</strong></span> <span class='ocrx_word' id='word_1_248' title='bbox 661 2274 744 2317; x_wconf 86' lang='lat' dir='ltr'><strong>VII,</strong></span> <span class='ocrx_word' id='word_1_249' title='bbox 769 2285 799 2308; x_wconf 83' lang='lat' dir='ltr'><strong>o.</strong></span> <span class='ocrx_word' id='word_1_250' title='bbox 828 2273 883 2315; x_wconf 84' lang='lat'><strong>10,</strong></span> <span class='ocrx_word' id='word_1_251' title='bbox 908 2275 939 2316; x_wconf 66' lang='grc' dir='ltr'><strong>ξ.</strong></span> <span class='ocrx_word' id='word_1_252' title='bbox 964 2273 998 2309; x_wconf 77' lang='lat'><strong>2.</strong></span> <span class='ocrx_word' id='word_1_253' title='bbox 1024 2273 1057 2308; x_wconf 83' lang='lat'><strong>3.</strong></span> 
     </span>
    </p>

    <p class='ocr_par' dir='ltr' id='par_1_6' title="bbox 202 2329 1613 2608">
     <span class='ocr_line' id='line_1_31' title="bbox 273 2329 1611 2378; baseline -0.006 -9"><span class='ocrx_word' id='word_1_254' title='bbox 273 2332 330 2378; x_wconf 81' lang='lat'><strong>**)</strong></span> <span class='ocrx_word' id='word_1_255' title='bbox 355 2335 396 2369; x_wconf 78' lang='lat' dir='ltr'><strong>F.</strong></span> <span class='ocrx_word' id='word_1_256' title='bbox 421 2334 465 2368; x_wconf 88' lang='lat' dir='ltr'><strong>A.</strong></span> <span class='ocrx_word' id='word_1_257' title='bbox 490 2332 642 2368; x_wconf 85' lang='lat' dir='ltr'><strong>Wolfius</strong></span> <span class='ocrx_word' id='word_1_258' title='bbox 667 2332 778 2377; x_wconf 77' lang='lat' dir='ltr'><strong>praef.</strong></span> <span class='ocrx_word' id='word_1_259' title='bbox 803 2332 938 2367; x_wconf 85' lang='lat' dir='ltr'>XXXV</span> <span class='ocrx_word' id='word_1_260' title='bbox 963 2344 1034 2377; x_wconf 85' lang='lat' dir='ltr'><strong>qua</strong></span> <span class='ocrx_word' id='word_1_261' title='bbox 1056 2335 1093 2367; x_wconf 87' lang='lat' dir='ltr'><strong>in</strong></span> <span class='ocrx_word' id='word_1_262' title='bbox 1118 2345 1177 2376; x_wconf 85' lang='lat' dir='ltr'><strong>re,</strong></span> <span class='ocrx_word' id='word_1_263' title='bbox 1202 2334 1267 2373; x_wconf 80' lang='lat' dir='ltr'><strong>ait,</strong></span> <span class='ocrx_word' id='word_1_264' title='bbox 1294 2332 1362 2366; x_wconf 80' lang='lat' dir='ltr'><strong>etsi</strong></span> <span class='ocrx_word' id='word_1_265' title='bbox 1386 2329 1611 2365; x_wconf 62' lang='lat' dir='ltr'><strong>temerarium</strong></span> 
     </span>
     <span class='ocr_line' id='line_1_32' title="bbox 202 2386 1610 2437; baseline -0.006 -9"><span class='ocrx_word' id='word_1_266' title='bbox 202 2397 288 2437; x_wconf 77' lang='lat' dir='ltr'><strong>puto</strong></span> <span class='ocrx_word' id='word_1_267' title='bbox 314 2404 392 2427; x_wconf 85' lang='lat' dir='ltr'><strong>cum</strong></span> <span class='ocrx_word' id='word_1_268' title='bbox 406 2391 608 2426; x_wconf 77' lang='lat' dir='ltr'><strong>affirmitate</strong></span> <span class='ocrx_word' id='word_1_269' title='bbox 630 2391 739 2434; x_wconf 77' lang='lat' dir='ltr'><strong>lo&#39;qui,</strong></span> <span class='ocrx_word' id='word_1_270' title='bbox 764 2393 882 2424; x_wconf 81' lang='lat' dir='ltr'><strong>tamen</strong></span> <span class='ocrx_word' id='word_1_271' title='bbox 906 2394 947 2424; x_wconf 82' lang='lat' dir='ltr'><strong>ut</strong></span> <span class='ocrx_word' id='word_1_272' title='bbox 958 2391 1125 2425; x_wconf 79' lang='lat' dir='ltr'><strong>Creverio</strong></span> <span class='ocrx_word' id='word_1_273' title='bbox 1149 2400 1278 2434; x_wconf 77' lang='lat' dir='ltr'><strong>parum</strong></span> <span class='ocrx_word' id='word_1_274' title='bbox 1302 2390 1431 2431; x_wconf 85' lang='lat' dir='ltr'><strong>tribuo,</strong></span> <span class='ocrx_word' id='word_1_275' title='bbox 1456 2388 1517 2432; x_wconf 86' lang='lat' dir='ltr'><strong>qui</strong></span> <span class='ocrx_word' id='word_1_276' title='bbox 1529 2386 1610 2420; x_wconf 81' lang='lat' dir='ltr'><strong>ideo</strong></span> 
     </span>
     <span class='ocr_line' id='line_1_33' title="bbox 202 2446 1610 2492; baseline -0.005 -7"><span class='ocrx_word' id='word_1_277' title='bbox 202 2452 341 2485; x_wconf 80' lang='lat' dir='ltr'><strong>leviora</strong></span> <span class='ocrx_word' id='word_1_278' title='bbox 364 2461 512 2485; x_wconf 79' lang='lat' dir='ltr'><strong>munera</strong></span> <span class='ocrx_word' id='word_1_279' title='bbox 535 2450 647 2484; x_wconf 77' lang='lat' dir='ltr'><strong>fuisse</strong></span> <span class='ocrx_word' id='word_1_280' title='bbox 671 2449 848 2492; x_wconf 80' lang='lat' dir='ltr'><strong>opinatur,</strong></span> <span class='ocrx_word' id='word_1_281' title='bbox 874 2449 971 2491; x_wconf 87' lang='lat' dir='ltr'><strong>quod</strong></span> <span class='ocrx_word' id='word_1_282' title='bbox 994 2459 1066 2481; x_wconf 90' lang='lat' dir='ltr'><strong>non</strong></span> <span class='ocrx_word' id='word_1_283' title='bbox 1092 2448 1300 2492; x_wconf 77' lang='lat' dir='ltr'><strong>singulatim</strong></span> <span class='ocrx_word' id='word_1_284' title='bbox 1320 2448 1365 2481; x_wconf 80' lang='lat' dir='ltr'><strong>de</strong></span> <span class='ocrx_word' id='word_1_285' title='bbox 1386 2448 1432 2480; x_wconf 82' lang='lat' dir='ltr'><strong>iis</strong></span> <span class='ocrx_word' id='word_1_286' title='bbox 1458 2446 1610 2489; x_wconf 77' lang='lat' dir='ltr'><strong>scripse-</strong></span> 
     </span>
     <span class='ocr_line' id='line_1_34' title="bbox 203 2504 1611 2554; baseline -0.005 -11"><span class='ocrx_word' id='word_1_287' title='bbox 203 2510 251 2544; x_wconf 81' lang='lat' dir='ltr'><strong>rit</strong></span> <span class='ocrx_word' id='word_1_288' title='bbox 274 2508 420 2554; x_wconf 76' lang='lat' dir='ltr'><strong>(quippe</strong></span> <span class='ocrx_word' id='word_1_289' title='bbox 444 2518 517 2543; x_wconf 85' lang='lat' dir='ltr'><strong>non</strong></span> <span class='ocrx_word' id='word_1_290' title='bbox 540 2507 634 2543; x_wconf 74' lang='lat' dir='ltr'><strong>idem</strong></span> <span class='ocrx_word' id='word_1_291' title='bbox 658 2507 857 2541; x_wconf 80' lang='lat' dir='ltr'><strong>Herodiani</strong></span> <span class='ocrx_word' id='word_1_292' title='bbox 879 2507 1026 2550; x_wconf 77' lang='lat' dir='ltr'><strong>ingenio</strong></span> <span class='ocrx_word' id='word_1_293' title='bbox 1051 2507 1222 2540; x_wconf 83' lang='lat' dir='ltr'><strong>convenit</strong></span> <span class='ocrx_word' id='word_1_294' title='bbox 1244 2510 1282 2539; x_wconf 83' lang='lat' dir='ltr'><strong>et</strong></span> <span class='ocrx_word' id='word_1_295' title='bbox 1304 2505 1434 2539; x_wconf 75' lang='lat' dir='ltr'><strong>Dionis</strong></span> <span class='ocrx_word' id='word_1_296' title='bbox 1457 2504 1611 2548; x_wconf 78' lang='lat' dir='ltr'><strong>dignita—</strong></span> 
     </span>
     <span class='ocr_line' id='line_1_35' title="bbox 204 2562 1613 2608; baseline -0.004 -7"><span class='ocrx_word' id='word_1_297' title='bbox 204 2569 275 2601; x_wconf 78' lang='lat' dir='ltr'><strong>tem</strong></span> <span class='ocrx_word' id='word_1_298' title='bbox 308 2576 410 2600; x_wconf 77' lang='lat' dir='ltr'><strong>suam</strong></span> <span class='ocrx_word' id='word_1_299' title='bbox 447 2566 661 2601; x_wconf 75' lang='lat' dir='ltr'><strong>senatoriam</strong></span> <span class='ocrx_word' id='word_1_300' title='bbox 700 2565 946 2601; x_wconf 77' lang='lat' dir='ltr'><strong>intolerantius</strong></span> <span class='ocrx_word' id='word_1_301' title='bbox 972 2563 1177 2608; x_wconf 78' lang='lat' dir='ltr'><strong>jactantis),</strong></span> <span class='ocrx_word' id='word_1_302' title='bbox 1214 2565 1265 2598; x_wconf 81' lang='lat' dir='ltr'><strong>ita</strong></span> <span class='ocrx_word' id='word_1_303' title='bbox 1288 2573 1413 2597; x_wconf 81' lang='lat' dir='ltr'><strong>rursus</strong></span> <span class='ocrx_word' id='word_1_304' title='bbox 1437 2562 1613 2606; x_wconf 71' lang='lat' dir='ltr'><strong>suspicor,</strong></span> 
     </span>
    </p>
   </div>
   <div class='ocr_carea' id='block_1_6' title="bbox 206 2621 1612 2718">
    <p class='ocr_par' dir='ltr' id='par_1_7' title="bbox 206 2621 1612 2718">
     <span class='ocr_line' id='line_1_36' title="bbox 206 2621 1612 2668; baseline -0.004 -9"><span class='ocrx_word' id='word_1_305' title='bbox 206 2624 346 2668; x_wconf 78' lang='lat' dir='ltr'><strong>quidvis</strong></span> <span class='ocrx_word' id='word_1_306' title='bbox 382 2623 482 2663; x_wconf 80' lang='lat' dir='ltr'><strong>illum</strong></span> <span class='ocrx_word' id='word_1_307' title='bbox 517 2624 636 2668; x_wconf 77' lang='lat' dir='ltr'><strong>potius</strong></span> <span class='ocrx_word' id='word_1_308' title='bbox 673 2635 778 2667; x_wconf 73' lang='lat' dir='ltr'><strong>quam</strong></span> <span class='ocrx_word' id='word_1_309' title='bbox 817 2624 878 2658; x_wconf 86' lang='lat' dir='ltr'><strong>vel</strong></span> <span class='ocrx_word' id='word_1_310' title='bbox 912 2627 1111 2658; x_wconf 82' lang='lat' dir='ltr'><strong>senatorem</strong></span> <span class='ocrx_word' id='word_1_311' title='bbox 1137 2623 1194 2657; x_wconf 82' lang='lat' dir='ltr'><strong>vel</strong></span> <span class='ocrx_word' id='word_1_312' title='bbox 1219 2622 1302 2665; x_wconf 81' lang='lat' dir='ltr'><strong>jure</strong></span> <span class='ocrx_word' id='word_1_313' title='bbox 1325 2621 1530 2656; x_wconf 80' lang='lat' dir='ltr'><strong>ooncultum</strong></span> <span class='ocrx_word' id='word_1_314' title='bbox 1556 2621 1612 2654; x_wconf 77' lang='lat' dir='ltr'><strong>vel</strong></span> 
     </span>
     <span class='ocr_line' id='line_1_37' title="bbox 206 2682 501 2718; baseline -0.003 0"><span class='ocrx_word' id='word_1_315' title='bbox 206 2682 353 2718; x_wconf 80' lang='lat' dir='ltr'><strong>militem</strong></span> <span class='ocrx_word' id='word_1_316' title='bbox 376 2682 501 2718; x_wconf 80' lang='lat' dir='ltr'><strong>fuisse.</strong></span> 
     </span>
    </p>
   </div>
  </div>
 </body>
</html>
