1808 3071
920 130 970 171 10

232 240 469 292 Quamquam
517 249 592 280 non
634 237 840 288 habemuS,
885 247 931 279 ex
969 247 1044 289 quo
1074 236 1171 279 effici
1204 236 1346 289 possit,
1392 236 1644 279 Herodianum

233 310 381 354 Rornae
404 308 574 369 ‚vixissez
612 308 684 349 etsi
717 317 905 363 nusquam
937 307 975 348 in
1007 306 1112 350 libris
1140 306 1190 350 ab
1220 317 1267 349 eo
1296 306 1471 349 traditum
1504 306 1647 348 Romae

233 390 321 423 eum
352 380 545 422 versatum
576 386 667 418 esse
697 377 901 430 repereris,
946 387 1071 428 neque
1100 378 1224 419 tamen
1256 376 1409 419 dubium
1441 375 1520 426 est,
1556 376 1645 425 quin

231 448 466 502 aliquantum
507 446 687 500 temporis
726 445 984 500 imprimisque
1013 446 1088 487 sub
1120 446 1215 488 vitae
1245 448 1356 488 finem
1389 445 1533 489 Rornae
1565 454 1646 486 ver·

233 522 347 563 satus
376 518 438 560 sit.
504 516 745 560 Herodianus
774 527 875 568 curn,
915 527 1013 568 quae
1043 515 1252 557 Commodo
1282 515 1445 567 aliisque
1482 515 1645 567 impera-

230 588 376 632 toribus
392 586 539 630 Romae
569 587 772 637 evenerint,
811 586 930 628 multa
960 586 1128 628 omiserit
1158 584 1317 637 ideoque
1346 584 1432 636 ejus
1463 584 1646 627 narratio-

231 668 314 707 nes=
332 667 379 699 ex
409 656 498 707 illis,
528 666 627 708 quae
657 655 822 697 Cassius
846 653 915 697 Dio
945 666 990 697 ac
1021 655 1227 707 scriptores
1257 654 1435 698 historiae
1451 655 1648 708 Augustae

231 726 459 777 retulerunt,
503 724 711 776 explendae
758 725 854 775 sint,
887 724 986 766 -inde
1022 735 1046 766 a
1077 723 1276 766 Caracallo
1307 725 1382 766 tam
1415 724 1573 776 verbose
1603 736 1649 766 ac

231 795 429 849 diligenter
459 795 570 837 etiarn
602 805 662 845 ea,
691 804 789 844 quae
821 793 965 835 Romae
996 792 1199 837 acciderint
1228 793 1418 846 explanat,
1450 786 1672 845 utt'rustra

230 864 466 917 quaesiveris
514 874 577 905 res
623 862 847 915 praecipuas
893 863 930 904 in
962 862 1081 907 Dione
1120 865 1156 905 et
1186 863 1433 915 scriptoribus
1472 862 1649 905 historiae

231 935 450 988 Augustae,
496 944 593 984 quas
626 931 864 974 Herodianus
902 933 1105 975 memoriae
1137 944 1212 975 non
1245 932 1445 976 tradiderit.
1508 931 1650 984 Majore

230 1004 359 1045 animo
396 1002 565 1045 ubertate
608 1012 655 1043 ac
707 1001 835 1044 studio
887 1004 925 1043 et
969 1002 1109 1055 ingenti
1155 1001 1366 1053 eloquentia
1414 1013 1476 1044 res
1517 1003 1650 1055 gestas

232 1073 379 1123 narrat,
429 1081 524 1122 quae
571 1069 717 1112 Romae
762 1072 987 1121 evenerunt,
1033 1071 1162 1121 itaque'
1216 1071 1303 1121 quia
1350 1069 1491 1117 retulit,
1554 1062 1676 1121 quaeN

230 1142 266 1183 is
311 1140 425 1183 solus
476 1139 614 1182 referre
660 1139 797 1191 potuit,
843 1138 904 1190 qui
945 1138 1089 1181 Romae
1135 1140 1235 1189 erat,
1281 1142 1450 1192 apertum
1483 1139 1544 1181 est
1574 1138 1649 1182 He-

231 1211 429 1254 rodianum
448 1209 635 1252 Romanis
666 1207 781 1250 rebus
814 1208 937 1260 ipsum
959 1209 1179 1251 interfuisse
1200 1212 1525 1262 praesentemque,
1555 1220 1650 1260 quae

231 1279 446 1330 accidenint,
477 1278 618 1321 vidisse
650 1281 685 1320 et
716 1278 932 1331 scripsisse.
995 1277 1273 1335 Quando-vero
1306 1278 1466 1320 Romam
1499 1278 1651 1328 venerit,

235 1360 471 1401 nequaquam
504 1360 572 1402 pro
602 1349 705 1390 certo
735 1348 913 1389 affirmari
946 1349 1081 1400 potest.
1149 1365 1151 1368 ·

891 1522 929 1570 S.
961 1516 1002 1560 4.

473 1647 543 1698 lle
578 1646 726 1698 titulo
762 1645 1003 1698 librorum
1040 1649 1091 1697 et
1125 1650 1426 1712 argumento.

354 1776 476 1818 Libris
507 1775 745 1816 historiarum
777 1776 826 1817 ab
858 1775 1071 1817 Herodiano
1102 1777 1254 1828 scriptis
1284 1776 1417 1817 titulus
1455 1775 1514 1816 hic
1545 1785 1653 1826 prae-

235 1845 429 1889 scribitur:
454 1839 741 1900 Ἡρωδιάνου
772 1844 849 1901 τῆς
881 1842 994 1891 μετὰ
1029 1841 1225 1901 Μάρκου
1245 1841 1484 1898 βασιλείας
1498 1841 1653 1898 βιβλία

236 1910 355 1956 ὀκτὼ
384 1910 610 1969 ἱστοριῶν.
687 1911 904 1953 Nonnullae
934 1914 1027 1954 sunt
1062 1913 1266 1963 editiones,
1311 1924 1408 1964 quae
1445 1910 1653 1967 ὶσιυριιῦν

236 1982 465 2026 vocabulum
495 1983 716 2024 omiserunt.
773 1980 909 2023 Verum
941 1992 1026 2023 cum
1058 1982 1095 2024 in
1128 1982 1316 2035 plerisque
1347 1982 1540 2025 codicibus
1572 1994 1652 2025 nia-

237 2052 443 2105 nuscriptis
474 2048 685 2107 ἱστοριῶν
731 2051 882 2092 verbum
917 2051 1109 2104 reperitur,
1155 2063 1246 2094 num
1285 2053 1370 2103 quid
1410 2064 1551 2095 musae
1581 2057 1676 2104 ests

236 2133 304 2164 cur
348 2116 559 2177 ἱστοριῶν
599 2117 828 2161 deleamus?
890 2118 936 2161 F.
968 2120 1011 2160 A.
1052 2118 1217 2175 Wolhus
1261 2132 1411 2173 quoque
1457 2124 1562 2174 putat
1605 2122 1653 2163 ab

236 2190 453 2234 Herodiano
483 2189 574 2231 illud
608 2189 759 2230 verbum
790 2188 971 2239 additum,
1002 2188 1071 2231 sed
1101 2188 1188 2231 dicit
1216 2191 1371 2242 „minus
1402 2191 1436 2232 id
1462 2194 1654 2243 praestare

235 2270 281 2302 se
311 2258 449 2302 audere
494 2258 541 2300 de
581 2258 704 2301 verbis
744 2259 823 2313 τῆς
862 2256 975 2302 μετὰ
1015 2254 1209 2318 Μάρκῳ»
1238 2255 1489 2312 βασιλείας.
1550 2259 1654 2310 Quae

235 2329 361 2382 opinio
393 2339 508 2381 quum
541 2338 616 2370 non
648 2326 830 2368 addiderit
863 2327 917 2368 vir
947 2327 1194 2369 doctissimus
1225 2328 1337 2379 unde,
1370 2328 1439 2370 sibi
1480 2331 1561 2370 orta
1592 2330 1654 2380 sit,

234 2409 321 2441 eum
354 2402 514 2453 putasse
545 2395 678 2448 conjici
711 2397 820 2438 liceat
850 2408 871 2438 a
904 2398 1180 2449 posterioribus
1212 2398 1276 2440 illa
1318 2398 1430 2439 verba
1466 2409 1512 2439 ex
1552 2402 1651 2440 textu

235 2459 266 2510 ἃ
305 2465 357 2511 δὲ
394 2464 507 2520 μετὰ
548 2463 627 2522 τὴν
671 2462 864 2522 Μάρκου
902 2465 1217 2522 rtemann...
1255 2466 1367 2510 ducta
1404 2479 1507 2511 esse.
1576 2466 1652 2511 Sed

234 2536 271 2577 in
303 2536 363 2578 his
395 2530 518 2578 verbis
558 2534 702 2577 traditis
740 2535 906 2578 omnium
953 2537 1123 2579 codicum
1171 2548 1390 2580 consensus
1433 2539 1496 2579 est
1540 2539 1654 2588 atque

233 2604 270 2647 J.
317 2604 461 2648 Becker
505 2605 636 2657 illum,
696 2615 806 2657 quem
853 2616 970 2662 supra
1015 2606 1202 2660 diximuS,
1266 2607 1412 2654 titulum
1466 2607 1651 2662 integrum

234 2674 407 2721 servavit
436 2720 439 2722 Α
