1808 3071
909 187 960 230 14

226 288 421 340 Augustae
452 291 487 331 in
521 293 751 344 posteriores
781 297 958 340 auctores
991 295 1059 336 vet⁴
1083 296 1235 336 Latmos
1269 296 1324 337 vet
1350 299 1514 339 Graecos
1546 309 1633 352 pro·-

222 360 360 410 pagata
391 360 480 414 sint,
512 361 609 404 alias
639 372 836 417 exponam.

872 533 894 581 §
945 529 985 572 7.

623 632 692 683 De
728 631 967 685 librorum
1005 632 1238 686 fontibus·

342 747 421 789 Etsi
455 751 598 801 praeter
631 750 787 792 Dionem
821 751 1149 803 Herodianumque
1180 754 1216 792 et
1247 754 1376 794 Graeci
1410 754 1443 794 et
1478 752 1636 794 Romani

224 817 326 859 iltius
357 819 536 870 temporis
569 819 761 860 historiam
795 821 1049 871 scripserunt,
1096 831 1253 873 quorum
1288 821 1418 863 nultus
1451 821 1541 863 liber
1579 823 1635 862 in-

222 887 327 934 teger
359 890 531 928 nostrum
564 887 762 929 saeculum
798 888 896 941 vidit,
930 890 1165 932 Herodianus
1197 902 1241 932 ex
1273 891 1327 934 iisj
1350 891 1535 934 neminem
1568 902 1638 933 no-

226 956 341 997 minat
356 954 418 1007 ἥ).
480 956 639 999 Duobus
671 956 819 1008 quidem
860 958 954 1000 iocis
992 960 1077 1009 (tib.
1110 960 1148 1001 ii.
1181 972 1212 1001 c.
1256 959 1319 1002 15.
1352 960 1410 1001 tib.
1441 959 1496 1001 ΙΙΙ.
1528 972 1558 1001 c.
1590 957 1638 1007 7)

224 1025 324 1067 viros
356 1028 642 1079 commemorat,
680 1027 741 1078 qui
775 1037 836 1068 res
867 1039 891 1069 a
922 1026 1103 1082 Septimio
1134 1027 1275 1071 Severo
1306 1031 1439 1083 gestas
1470 1029 1638 1082 scripse-

223 1095 322 1145 runt,
346 1093 603 1148 jndiciurnque
634 1107 762 1143 eorum
781 1098 931 1150 scriptis
962 1098 1125 1149 adhibet,
1155 1110 1230 1145 ouo
1255 1098 1367 1157 modo
1387 1100 1512 1140 autem
1540 1109 1638 1140 usus

224 1163 273 1203 sit
305 1163 371 1214 iis,
418 1175 493 1206 non
527 1165 674 1207 iudicat.
752 1167 941 1209 Historiae
972 1169 1167 1221 Augustae
1205 1178 1250 1209 ex
1292 1167 1538 1221 scriptoribus
1574 1167 1638 1209 iilo

224 1235 390 1284 tempore
435 1236 612 1287 auctores
658 1237 884 1288 praecipuos
933 1237 1165 1289 Dexippuin,
1222 1238 1375 1279 Marium
1424 1236 1639 1286 Maximum,

226 1301 369 1342 Aelium
417 1302 581 1359 Cordum
630 1304 751 1347 fuisse
797 1305 1036 1357 accepimus,
1097 1316 1254 1357 quorum
1309 1305 1387 1349 iibri
1442 1306 1639 1359 perierunt·

225 1370 463 1433 Herodianus
506 1374 652 1416 etiamsi
700 1387 767 1417 eas
816 1386 900 1426 reS,
948 1385 1044 1426 quas
1095 1375 1218 1427 ipsum
1267 1386 1311 1416 se
1358 1375 1498 1416 vidisse
1541 1375 1641 1425 dicit,

225 1442 431 1493 posteritati
470 1443 638 1492 tradidit,
685 1456 759 1487 non
792 1447 917 1487 tamen
950 1446 1006 1486 sic
1037 1454 1105 1486 eas
1138 1447 1306 1494 enarrat,
1354 1448 1392 1486 ut
1423 1443 1639 1485 memoriam

225 1521 355 1553 earum
405 1512 498 1554 forte
540 1515 761 1566 retinuerat,
808 1517 874 1556 sed
915 1516 1026 1557 certis
1065 1515 1291 1556 testimoniis
1330 1510 1464 1555 omnia
1497 1513 1640 1565 prabat.

228 1580 321 1622 Dicit
360 1582 458 1623 enim
497 1578 584 1638 ἐγὼ
619 1578 659 1625 δ’
670 1580 684 1595 ”
699 1580 985 1639 ἱστορίαν...
1011 1616 1020 1625 .
1053 1581 1167 1637 μετὰ
1213 1574 1365 1639 πάσηςμ
1409 1577 1642 1637 ἀκριβείας

226 1644 425 1705 ἤθροισα
472 1648 536 1702 εἷς
567 1650 838 1708 συγγραφήν.
899 1653 1094 1697 Fontium.
1141 1663 1186 1693 ex
1226 1651 1365 1702 quibus
1404 1662 1465 1692 res
1504 1651 1641 1701 hausit,

227 1730 352 1771 genus
384 1721 598 1772 quoddam,
643 1726 725 1763 acta
758 1725 918 1764 senatus
950 1732 1041 1763 esse
1073 1721 1254 1762 videntur.
1317 1719 1463 1769 Quibus
1493 1719 1641 1771 quidem

229 1790 387 1830 nonita
419 1801 517 1832 usus
549 1793 628 1842 est,
682 1792 813 1831 utres
853 1790 900 1832 ad
934 1791 1086 1833 verbum
1126 1801 1178 1844 ex
1209 1789 1284 1831 iltis
1316 1789 1561 1840 transcribat,
1607 1789 1641 1831 id

227 1859 327 1909 quod
360 1859 495 1901 Dionis
537 1862 596 1900 est
635 1870 710 1900 nou
753 1870 969 1910 nunquam,
1014 1860 1170 1911 saepius
1202 1859 1425 1910 scriptorum
1466 1858 1644 1899 historiae

231 1930 446 1980 Augustae,
485 1929 552 1969 sed
585 1929 753 1969 oratione
785 1934 917 1970 oruata
954 1933 991 1970 et
1021 1928 1230 1980 composita
1262 1928 1409 1968 iliorum
1439 1938 1643 1981 argumen-

227 1999 305 2038 tum
340 1997 466 2038 susius
497 1997 682 2049 explanat.
748 1998 967 2048 Orationes,
1018 2008 1116 2048 quae
1154 2008 1238 2038 cum
1273 1986 1403 2038 Dionis
1451 1996 1506 2037 vet
1549 1997 1643 2037 scri-

230 2070 377 2118 ptorum
410 2066 587 2108 historiae
605 2067 798 2120 Augustae
820 2066 1020 2109 adverbum
1044 2065 1280 2116 conveniant,
1312 2066 1381 2107 etsi
1414 2067 1494 2107 fere
1517 2065 1645 2108 nullae

230 2137 472 2187 reperiantur,
504 2137 733 2178 lineamenta
764 2147 892 2176 earum
911 2137 1070 2177 maxime
1101 2136 1266 2188 insignia
1297 2138 1332 2176 et
1352 2136 1451 2188 apud
1472 2137 1642 2177 nostrum

230 2205 450 2257 scriptorem
482 2208 518 2245 et
548 2205 647 2257 apud
682 2205 768 2246 iilos
805 2205 935 2246 eadem
957 2196 1171 2256 'suiit**).
1203 2203 1386 2257 Epistotis
1417 2204 1644 2257 quibusdam
1708 2232 1710 2234 ·

227 2275 410 2326 exceptiS,
442 2285 550 2326 quae,
583 2287 698 2326 quum
731 2276 766 2315 in
799 2279 935 2317 senatu
956 2275 1130 2320 recitatae
1162 2278 1309 2324 essent,
1340 2274 1481 2315 auctori
1513 2275 1645 2315 nostro

232 2355 305 2385 nou
339 2345 491 2396 ignotae
523 2347 641 2393 eraut,
685 2344 830 2384 nultum
868 2343 969 2384 ahud
1008 2353 1132 2395 genus
1163 2342 1324 2383 fontium
1363 2343 1399 2383 in
1432 2342 1646 2384 Herodiano

230 2413 446 2466 agnoveris.
507 2412 580 2453 Per
612 2413 739 2453 titeras
771 2412 883 2461 enim,
914 2422 1009 2462 otras
1041 2412 1201 2453 dicimus
1234 2411 1410 2463 privatas,
1452 2412 1644 2452 certiorem

325 2562 360 2605 *)
386 2563 431 2597 ef.
457 2563 631 2597 Dirksen:
670 2564 739 2596 Die
765 2563 956 2606 scriptores
981 2563 1153 2596 historiae
1177 2562 1375 2607 Augustae.
1425 2563 1513 2606 Lpz.
1545 2559 1646 2595 1842.

231 2623 330 2656 Part.
356 2622 385 2655 1.
413 2633 444 2655 c.
469 2622 497 2655 1.

304 2678 361 2722 **)
386 2680 431 2715 ef.
456 2679 531 2714 Jul.
559 2679 748 2723 capitolin.
774 2680 836 2712 vit.
851 2679 1035 2713 Maximin.
1058 2679 1106 2713 11.
1132 2690 1163 2713 c.
1192 2678 1249 2714 18.
1277 2677 1541 2722 Opil.Maczin.
1566 2688 1599 2711 e.
1612 2674 1646 2711 6.

233 2737 404 2771 Gordian.
431 2738 497 2772 111.
522 2749 554 2773 e.
582 2737 637 2773 14.
662 2737 799 2772 Herod.
824 2737 906 2771 VII.
932 2747 962 2773 c.
987 2736 1020 2772 8.
1046 2738 1109 2774 VI.
1134 2748 1167 2772 c.
1193 2736 1225 2772 l.
1251 2736 1332 2773 Vll.
1357 2746 1388 2770 ο.
1414 2734 1449 2770 8.
