1808 3071
859 152 909 197 12

173 270 250 300 uno
281 261 318 300 et
347 261 528 311 perpetuo
559 261 688 300 tenore
720 260 915 301 intervallo
947 270 1021 302 nou
1054 259 1244 311 interjecto
1267 260 1476 301 consectum
1493 269 1584 301 esse

172 338 217 369 ex
242 327 415 377 dictione,
439 338 536 380 quae
554 340 617 383 per
633 338 768 372 omues
793 328 909 372 libros
927 340 1002 371 una
1020 327 1225 380 eademque
1241 329 1312 380 est,
1329 329 1582 382 cognoscitur.

828 507 864 556 S.
896 505 933 549 6.

463 621 533 672 De
570 619 779 672 consilio
816 621 1090 689 caussisque
1125 621 1303 690 operis·

289 747 489 789 Praeclara
519 751 631 800 atque
654 749 826 801 jucunda
858 750 968 791 verba
1012 749 1140 802 primis
1172 749 1346 790 versibus
1384 749 1430 790 de
1460 759 1585 801 operis

170 817 332 858 consilio
377 821 414 858 et
439 818 607 859 ·canssis
647 819 746 859 facit.
816 818 1021 860 Videamus
1064 829 1165 860 nunc
1201 818 1427 860 accuratius,
1487 817 1585 859 Nam

172 889 212 927 ut
257 887 448 939 sciamus,
502 899 600 940 quae
647 893 861 941 quantaque
908 888 1120 931 Herodiano
1166 887 1262 929 fides
1307 887 1478 930 habenda
1524 888 1586 938 sit,

172 957 332 998 maxime
364 959 622 999 necessarium
655 962 714 999 est
745 959 972 1012 intelligere,
1009 969 1082 1009 qua
1114 968 1153 998 re
1185 959 1311 999 motus
1343 959 1378 998 in
1411 957 1586 999 historiae

171 1025 298 1067 studia
335 1026 543 1068 incubuerit
580 1028 837 1079 quantumque
876 1027 1044 1070 voluerit.
1095 1026 1227 1079 Neque
1265 1016 1431 1080 profecto
1469 1027 1586 1079 impe-

128 1088 130 1091 ’
172 1097 297 1135 ratore
328 1095 490 1146 quodam
522 1096 763 1148 adhortante,
811 1108 930 1150 neque
968 1097 1118 1139 somnio
1134 1095 1187 1144 ⁹⁵)
1218 1095 1379 1148 quodam
1411 1098 1588 1137 monente

172 1177 293 1217 neque
325 1177 394 1218 spe
420 1166 636 1219 adductus,
683 1168 762 1209 sore
802 1169 841 1209 ut
872 1178 989 1220 saepe
1034 1169 1071 1208 et
1107 1180 1129 1209 a
1160 1165 1289 1208 multis
1320 1165 1506 1219 legeretur
1551 1168 1587 1206 et

173 1235 400 1287 laudaretur,
430 1236 611 1288 temporis
645 1237 704 1278 sui
739 1237 929 1279 historiam
962 1236 1126 1279 scribere
1157 1235 1345 1288 suscepit,
1385 1245 1506 1287 neque
1537 1234 1587 1276 ita

172 1304 320 1355 quidem
348 1308 387 1346 ut
402 1305 563 1347 traderet
578 1316 826 1357 quaecunque
857 1317 922 1359 per
937 1309 1055 1348 totum
1073 1306 1267 1358 imperium
1301 1304 1466 1357 insignia
1486 1306 1587 1347 facta

170 1375 274 1425 sunt,
300 1374 367 1416 sed
400 1375 596 1427 quaeipse
613 1375 699 1417 vidit
731 1375 1057 1429 locupletibusque
1088 1374 1251 1417 testibus
1274 1374 1586 1427 probare-potuit.

171 1443 307 1495 Primis
330 1442 413 1495 ,iam
446 1444 570 1485 verbis
602 1456 814 1497 movemur,
861 1449 901 1487 ut
931 1446 1120 1487 auctorem
1159 1454 1247 1485 vera
1277 1443 1480 1485 memoriae
1510 1445 1586 1485 tra-

171 1512 315 1555 didisse
361 1512 613 1557 confidamus,
695 1514 816 1557 Plane
855 1514 953 1557 enim
993 1514 1208 1567 opinionem
1255 1512 1389 1566 rejicit,
1440 1524 1502 1565 se,
1548 1514 1588 1555 ut

172 1583 337 1635 plerique
366 1584 547 1634 fecerint„
566 1584 628 1636 qui
659 1584 706 1626 ad
738 1585 917 1626 historiae
949 1584 1115 1625 studium
1147 1593 1192 1624 se
1222 1583 1473 1634 contulerunt,
1505 1583 1588 1624 lau-

169 1653 253 1694 dem
285 1653 478 1695 doctrinae
508 1664 682 1694 summae
714 1653 906 1705 petivisse,
937 1664 1007 1695 nec
1038 1653 1125 1695 odio
1157 1664 1226 1695 nec
1247 1650 1381 1695 studio
1404 1653 1587 1707 tyranno-

171 1735 252 1764 rum
287 1726 494 1776 permotum
528 1734 589 1764 res
622 1733 730 1764 veras
770 1734 814 1764 se
844 1724 946 1765 falso
977 1723 1194 1764 traditurum
1242 1733 1312 1763 nec
1351 1732 1487 1774 parvas
1527 1732 1588 1763 res

169 1794 341 1835 oratione
372 1803 535 1846 magnas
567 1791 794 1833 redditurum
827 1803 938 1845 esse3
986 1791 1177 1835 contendit
1223 1803 1267 1834 se
1313 1803 1388 1834 non
1429 1782 1588 1834 ereutus
1623 1845 1626 1848 ‚

170 1875 363 1914 casusque
397 1863 606 1911 memoriae
631 1862 799 1915 prodere,
830 1874 928 1913 quos
961 1863 1060 1904 bona
1091 1863 1162 1903 tide
1197 1862 1246 1903 ab
1276 1861 1363 1903 aliis
1392 1862 1589 1914 acceperit,

170 1933 237 1974 sed
277 1933 337 1984 qui
386 1933 421 1973 in
464 1933 678 1983 aequalium
720 1932 899 1973 memoria
938 1934 1028 1973 tunc
1066 1932 1266 1973 haeserint.
1336 1930 1384 1972 Et
1422 1932 1588 1984 profecto

170 2002 409 2043 Herodianus
440 2001 513 2043 fide
544 2012 619 2044 nou
652 2004 794 2043 mutata
827 2002 1058 2054 promissum
1090 1998 1234 2043 solvit?
1265 2000 1404 2042 Severe
1427 2001 1588 2054 impera-

172 2077 293 2112 torum
327 2072 412 2112 vitia
445 2071 627 2122 vituperat
659 2082 779 2121 neque
811 2076 935 2112 tamen
959 2071 1112 2114 modum
1144 2070 1254 2123 aequi
1279 2069 1414 2122 judicii
1433 2071 1588 2123 excedit,

170 2151 298 2193 quare,
331 2145 371 2183 ut
403 2141 517 2183 rebus
533 2141 581 2182 ah
614 2141 678 2183 illo
694 2141 840 2183 traditis
872 2142 981 2183 tidem
1007 2142 1126 2183 multo
1151 2140 1329 2192 majorem
1362 2142 1587 2192 tribuamuS,

169 2210 440 2262 compellimur.
504 2209 645 2252 Deinde
676 2210 915 2253 Herodianus
946 2222 1033 2253 cum
1058 2211 1254 2263 aequales,
1285 2212 1347 2262 qui
1378 2211 1451 2265 ipsi
1483 2211 1587 2253 vide·-

171 2280 262 2330 rint,
308 2291 404 2331 quae
437 2279 542 2321 libris
575 2281 779 2333 mandarit,
826 2292 870 2323 se
910 2292 994 2323 vere
1034 2292 1095 2323 res
1136 2281 1338 2324 memoriae
1375 2280 1587 2334 prodidisse

170 2351 340 2401 testetur,
370 2353 534 2403 augetur
565 2350 668 2413 illius
700 2349 815 2402 tides;
847 2360 933 2391 nam
967 2351 1003 2391 ni
1035 2349 1106 2391 sibi
1129 2360 1356 2403 persuasum
1380 2350 1587 2401 habuisset,

172 2419 367 2460 verissime
399 2430 443 2460 se
468 2422 649 2471 quantum
676 2418 795 2471 potuit
819 2429 1011 2472 narrasse,
1043 2421 1096 2462 vir
1116 2420 1422 2473 improbissimus
1440 2421 1586 2463 suisset.

266 2591 301 2635 *)
328 2593 528 2627 Herodiani
554 2594 716 2637 aequalis
731 2594 879 2628 Cassius
903 2594 974 2628 Dio
1001 2605 1040 2627 se
1065 2596 1202 2628 somnio
1229 2596 1381 2639 quodam
1407 2598 1443 2629 et
1463 2594 1586 2629 Severi

171 2651 412 2686 admonitione
442 2652 637 2687 adductum
669 2663 762 2695 esse,
788 2657 826 2687 ut
855 2653 1038 2687 historiam
1069 2654 1268 2689 Romanam
1299 2655 1483 2696 scriberet,
1507 2663 1586 2699 pro-

170 2710 289 2744 fessus
314 2714 378 2744 est.
426 2712 507 2746 Lib.
535 2712 580 2747 72
605 2724 632 2746 s.
649 2712 683 2745 rf.
