1808 3071
801 213 854 257 2‘1

125 328 316 381 cyzicum
339 325 475 368 Albini
493 322 629 365 milites
658 322 900 374 diffugientes
931 322 967 362 et
996 323 1144 364 montes
1175 321 1373 363 Armeniae
1404 321 1440 362 et
1456 320 1531 361 Ga·

126 398 250 441 latiam
275 397 322 437 et
347 395 474 436 Asiam
507 391 662 444 petiisse
693 391 787 432 dicit
848 391 971 441 Quum
999 393 1124 433 autem
1146 388 1312 432 Severus
1342 401 1388 431 ex
1406 389 1531 431 Thra·

125 469 185 509 cia
211 461 400 519 profectus
431 472 521 503 oras
552 461 758 504 maritimas
790 461 964 515 Mysiam,
996 461 1150 513 Lydiam
1183 459 1219 500 et
1234 458 1435 512 Phrygiam
1468 471 1531 501 ce·

126 535 257 589 pisset,
289 533 371 575 victi
403 532 438 573 in
460 530 541 572 has
571 532 699 583 partes
730 531 842 571 Asiae
863 531 1029 583 effligere
1051 531 1314 582 nequiverunt3
1346 529 1532 580 provincia

127 605 250 648 autem
284 601 374 643 Asia
412 601 449 641 in
486 601 590 652 parte
620 600 667 641 ad
698 599 926 641 occidentem
959 599 1078 639 solem
1111 599 1285 651 vergente
1318 598 1430 639 Asiae
1460 599 1532 640 sita

129 670 260 723 estss).
329 670 496 720 Denique
537 667 774 710 Herodianus
811 670 917 710 -errat
962 679 1044 710 cum
1086 667 1261 709 Emesam
1307 667 1533 709 phoeniciae

127 740 302 795 oppidum
333 749 424 780 esse
453 737 561 781 dicat.

760 842 804 912 s.
838 863 877 906 9.

180 967 437 1021 fler-'odiani
474 965 668 1035 scriptis
704 952 1101 1035 quemadmodum
1138 967 1223 1020 alii
1260 971 1481 1019 auctores

326 1048 479 1125 ,paulo
515 1048 727 1103 multove
752 1048 1058 1117 posteriores
1094 1049 1169 1101 usi
1206 1048 1319 1100 siut.

247 1155 340 1196 Ante
371 1154 497 1196 omnia
526 1155 783 1197 annotandum
816 1156 889 1203 est,
923 1165 981 1196 me
1014 1156 1047 1195 in
1081 1154 1343 1207 comparandis
1375 1155 1468 1196 inter
1493 1164 1537 1194 se

129 1229 164 1267 et
195 1223 513 1266 cum-Herodiano
544 1224 788 1277 scriptoribus
820 1224 854 1263 id
886 1225 1028 1265 tantum
1062 1226 1241 1276 temporis
1271 1224 1435 1276 spatium
1452 1234 1535 1275 per-

130 1297 299 1336 secutum
330 1302 435 1341 esse,
469 1294 568 1344 quod
590 1293 788 1334 Herodiani
821 1293 998 1335 historiae
1030 1294 1325 1346 complectuntur
1358 1294 1378 1334 i.
1401 1305 1434 1334 e.
1467 1305 1537 1334 an-

129 1374 202 1404 nos
232 1363 429 1416 sexaginta
460 1362 571 1404 Marci
594 1361 731 1405 Aurelii
763 1366 850 1414 post
880 1368 1048 1405 mortem.
1093 1364 1212 1405 Latini
1229 1363 1408 1413 historici,
1439 1373 1537 1413 quos

129 1432 268 1474 contuli
316 1433 411 1474 inter
448 1442 492 1472 se
528 1443 573 1473 ac
603 1443 687 1473 cum
720 1431 932 1474 Herodiano
962 1435 1070 1475 sunt:
1115 1431 1328 1486 Scriptores
1360 1432 1536 1473 historiae

130 1504 323 1559 Augustae
352 1503 429 1542 tres
458 1500 529 1543 Jul.
562 1501 821 1553 Capitolinus,
867 1503 942 1543 Aei.
974 1501 1219 1554 SpartianuS,
1261 1502 1390 1543 Aelius
1426 1502 1535 1543 Lam-

131 1571 287 1624 pridius,
308 1571 438 1613 Graeci
455 1572 544 1611 sunt
561 1569 726 1613 Cassius,
740 1569 808 1611 Dio
825 1569 1025 1612 Herodiani
1041 1568 1320 1623 aequalisfflb),
1352 1571 1537 1613 Zonaras.

131 1640 188 1681 Ex
217 1641 355 1691 quibus
387 1651 509 1690 neque
539 1640 709 1688 Dionem,
741 1639 802 1689 qui
834 1639 965 1680 iisdem
997 1641 1074 1680 fere
1105 1641 1237 1692 annis,
1278 1643 1390 1691 atque
1420 1640 1539 1682 Hero-

131 1710 281 1762 dianuS,
312 1710 411 1760 vixit,
443 1709 546 1752 libris
578 1708 796 1760 Herodiani‚
827 1719 950 1760 neque
982 1708 1234 1752 Herodianum
1266 1709 1398 1753 Dionis
1431 1710 1536 1753 libris

133 1790 228 1821 usos
260 1790 370 1832 esse,
416 1790 461 1821 ex
491 1779 648 1821 alterius
679 1779 956 1830 comparatione
987 1790 1071 1820 cum
1103 1779 1221 1825 altero
1254 1779 1370 1831 facta,
1418 1780 1539 1821 mani-

131 1851 270 1897 festum
302 1850 380 1890 erit.
421 1848 552 1899 Neque
582 1857 805 1899 quemquam
837 1850 947 1889 antea
978 1848 1010 1888 id
1043 1859 1211 1901 negasse
1242 1849 1332 1890 scio.
1382 1849 1540 1890 Maxime

133 1919 230 1959 certe
259 1918 461 1960 dolendum
494 1921 566 1969 est,
597 1917 696 1968 quod
726 1916 857 1957 Dionis
889 1916 968 1957 libri
1001 1927 1075 1957 uon
1109 1918 1241 1970 integri
1272 1918 1319 1959 ad
1352 1929 1424 1959 nos
1457 1928 1540 1970 per-

133 1990 333 2040 venerunt;
378 1987 460 2038 sed,
483 1997 579 2039 quae
610 1984 817 2038 Xiphilinus
855 1996 901 2026 ex
931 1985 1063 2027 Dionis
1102 1997 1234 2039 opere,
1279 1999 1353 2039 quo
1385 1988 1541 2030 historia

131 2056 337 2106 temporum
369 2056 454 2097 inde
484 2068 508 2097 a
538 2056 662 2097 Marco
693 2054 843 2096 Aurelio
873 2055 919 2096 ad
953 2055 1203 2097 Alexandrum
1235 2055 1416 2099 Severum
1449 2069 1540 2099 con-

132 2123 276 2179 tinetur,
308 2126 432 2180 elegit,
462 2137 507 2168 ea
537 2125 763 2179 propemodo
795 2127 966 2167 nostrum
998 2125 1407 2169 saecutumviderunt.

247 2196 462 2239 Latinorum
508 2197 730 2248 scriptorum
771 2196 948 2237 historiae
979 2198 1174 2248 Augustae
1213 2198 1385 2239 auctores
1423 2197 1541 2238 Hero-

132 2263 230 2307 diani
273 2266 503 2319 temporibus
543 2265 697 2318 proximi
729 2268 830 2306 sunt.
892 2265 1029 2307 Plures
1061 2276 1144 2307 cum
1176 2267 1224 2307 ab
1255 2267 1541 2319 imperatoribus

129 2343 194 2374 -res
225 2337 358 2387 gestas
388 2336 619 2388 scripserint,
650 2347 785 2377 omnes
817 2346 903 2376 vero
935 2347 1009 2377 non
1043 2346 1088 2376 ex
1110 2335 1241 2377 iisdem
1259 2337 1428 2378 fontibus
1446 2337 1539 2378 hau-

134 2403 262 2455 serint,
292 2404 339 2445 de
369 2405 616 2457 scriptoribus
647 2406 823 2447 historiae
846 2407 1042 2458 Augustae
1065 2404 1248 2455 judicanti
1280 2406 1375 2446 inter
1407 2406 1541 2458 singu·

136 2468 194 2510 los
223 2475 420 2524 δυοῖσι-38,
465 2474 559 2514 inter
587 2474 763 2526 singulas
792 2474 841 2514 ab
872 2474 918 2514 iis
950 2475 1213 2526 imperatorum
1247 2475 1342 2514 vitas
1373 2474 1541 2526 depictas

226 2596 259 2640 *)
285 2600 340 2632 De
373 2599 502 2637 finibus
526 2600 735 2646 provinciae
757 2600 868 2634 Asiae
892 2601 953 2635 illo
977 2604 1136 2643 tempore
1168 2601 1212 2633 ef.
1240 2601 1392 2643 Sickler,
1417 2602 1541 2635 Haud-

132 2652 227 2687 buch
252 2655 314 2689 der
338 2650 435 2703 alten
460 2652 697 2702 Geographie.
722 2658 853 2692 Kassel
881 2657 983 2699 1832,
1009 2658 1079 2691 vol.
1105 2657 1153 2701 11,
1178 2669 1213 2701 p.
1236 2656 1303 2693 301
1333 2670 1386 2703 sq.

201 2710 258 2756 **)
285 2705 471 2756 Quomodo
494 2715 685 2759 scriptores
709 2716 876 2750 historiae
899 2717 1084 2760 Augustae
1098 2717 1225 2749 Dionis
1250 2716 1352 2750 libris
1380 2719 1436 2751 usi
1463 2720 1543 2759 sint,

134 2773 381 2808 annotationes
408 2773 573 2809 Salmasii
596 2774 871 2819 casaubonique
900 2774 947 2808 ad
976 2775 1098 2818 script.
1131 2774 1256 2809 histor.
1281 2774 1375 2821 Aug.
1401 2776 1539 2809 docent.
