1808 3071
906 147 935 194 ‘6

208 261 288 303 tum
336 270 426 301 esse
472 259 662 311 oportere3
709 269 754 299 ex
800 252 939 309 quibus
985 257 1099 299 rebus
1141 258 1306 309 tempore
1336 254 1437 296 Decii
1476 264 1624 306 quoque

210 332 295 373 eum
323 328 472 370 vixisse*
487 328 610 380 sequi.
631 356 633 358 -
654 325 941 379 Quod-quidem,
972 327 1013 367 ut
1043 325 1129 367 milii
1148 324 1301 377 videtur,
1331 323 1470 366 exillis
1489 323 1625 371 verbis,

210 401 249 442 si.
274 399 550 452 circumspecto
572 395 715 450 judicio
747 398 884 453 legeris
915 394 1197 438 concludimur]
1230 395 1375 448 poterit.
1430 393 1506 436 lmo
1537 401 1624 434 vero

210 469 246 511 id
285 470 438 521 ternpus
475 468 726 520 significatur,
772 480 796 509 a
825 479 901 520 quo
930 464 1171 507 Herodianus
1210 465 1402 516 profectus
1432 457 1624 504 historiam

211 538 385 591 scripsit,
433 538 617 589 longeque
663 538 792 586 abest,
839 539 877 578 ut
922 535 1053 577 simul
1076 535 1184 575 ortus
1216 535 1367 585 tempus
1398 530 1625 573 indicaverit.

211 606 307 650 Nam
346 619 370 648 a
408 607 545 658 quovis
591 607 666 647 alio
713 609 877 658 tempore
922 614 1086 645 exorsus
1126 595 1241 644 literis
1282 600 1459 642 mandare
1497 599 1626 652 potuit,

213 687 310 727 quae
342 687 407 728 per
438 676 554 716 totam
587 675 671 727 ejus
703 676 814 717 vitain
846 674 1096 727 contigerunt.

870 814 906 862 S.
937 812 975 855 2.

251 930 400 987 Quem
436 927 595 979 locum
623 927 923 979 Herodianus
959 927 1008 978 in
1038 927 1292 995 republica
1316 923 1601 1008 obtinuerit.

336 1045 459 1087 Unum
507 1047 647 1086 certum
688 1049 766 1095 est,
812 1045 910 1095 quod
942 1045 1192 1086 Herodianus
1212 1046 1305 1097 ipse
1325 1044 1372 1085 de
1402 1054 1447 1084 se
1478 1043 1629 1094 profert,

215 1115 375 1167 publicis
409 1114 630 1155 muneribus
663 1125 706 1155 se
737 1115 906 1155 functum
939 1124 1041 1154 esse.
1081 1108 1150 1153 Ἐν
1164 1109 1424 1166 βασιλικαῖς
1455 1104 1482 1165 ἢ
1513 1108 1626 1166 δημο

216 1181 339 1233 σιάις
373 1178 641 1238 ὑπηρεσίαις
679 1194 722 1224 se
754 1184 879 1224 fuisse
909 1194 1136 1234 (uiamquam
1170 1183 1380 1234 protitetnr,
1426 1183 1549 1221 tamen
1581 1179 1628 1219 de

216 1253 429 1294 conditione
461 1251 546 1302 ejus
579 1253 702 1292 satius
735 1263 809 1292 nou
842 1252 1031 1293 docemur.
1095 1250 1179 1292 Non
1211 1261 1349 1292 sumus
1382 1250 1463 1290 facti
1495 1249 1628 1289 certio-

217 1334 302 1371 reS,
348 1322 458 1363 miles
489 1333 537 1363 an
569 1321 720 1363 aulicus
752 1323 882 1370 fuerit,
914 1331 1023 1371 quem
1058 1319 1180 1360 locum
1213 1319 1390 1369 tenuerit,
1421 1318 1479 1359 cni
1511 1316 1628 1359 ordini

214 1392 431 1443 adscriptus
463 1391 522 1431 sit.
574 1390 684 1431 Justa
717 1392 882 1442 prolerto
912 1400 1043 1437 causa,
1076 1391 1111 1430 ul
1146 1387 1287 1429 videtur
1319 1388 1418 1437 milii,
1450 1386 1629 1428 Herodia-

216 1471 306 1501 num
355 1460 499 1500 honore
542 1458 774 1511 superiorem
823 1457 1129 1517 senator-inmune
1175 1458 1210 1498 in
1258 1457 1425 1499 ordinem
1468 1456 1628 1497 ascitum

216 1530 355 1577 fuisse,
387 1528 564 1580 colligere
596 1538 819 1579 possunms.
882 1526 1048 1568 Etiamsi
1070 1539 1155 1569 eum
1189 1527 1317 1578 primis
1349 1527 1383 1567 in
1417 1526 1523 1568 libris
1547 1536 1630 1578 per-

219 1597 421 1638 multarum
456 1606 576 1637 rernm
610 1596 939 1646 conditionmnque
970 1596 1240 1648 gnarissimmn
1273 1607 1363 1637 esse
1385 1595 1568 1644 videmus,
1594 1594 1629 1634 in

219 1667 351 1707 ultima
382 1665 508 1716 operis
541 1666 643 1717 parte
678 1665 835 1705 verbose
866 1667 900 1705 et
932 1665 1219 1716 diligentissime
1241 1665 1359 1706 multa
1384 1665 1504 1714 tradit,
1535 1674 1631 1715 quae

219 1735 254 1775 in
288 1736 423 1774 senatu
449 1732 637 1774 Maximini
658 1732 852 1784 *imprimis
884 1734 1049 1785 tempore
1080 1735 1296 1775 evenerunt.
1345 1732 1449 1782 Quod
1482 1732 1630 1784 quidem

218 1804 344 1845 solum
377 1802 465 1843 ninii
500 1802 740 1843 necessitatis
773 1802 895 1853 habet,
927 1814 992 1844 cnr
1008 1802 1261 1844 Herodianum
1279 1792 1492 1845 senatorem
1508 1802 1633 1844 fuisse

219 1874 424 1925 tingamus.
473 1870 568 1921 Quid
588 1869 731 1913 euim?
762 1875 843 1914 acta
877 1874 1036 1913 senatus
1068 1866 1230 1913 scribere
1248 1871 1444 1915 Herodiani
1468 1871 1632 1915 osticium

219 1952 309 1983 esse
342 1941 397 1982 vel
429 1941 505 1982 alio
537 1952 691 1981 munere
724 1942 827 1994 iungi
862 1942 999 1993 potuit,
1031 1953 1107 1992 quo
1137 1941 1316 1984 astrictus
1347 1942 1471 1992 esset,
1508 1942 1547 1981 ut
1576 1940 1633 1981 di-

221 2009 520 2062 sceptationibus
562 2011 721 2049 senatus
753 2008 985 2051 interesset?
1032 2013 1085 2051 An
1119 2010 1203 2062 quid
1236 2010 1512 2063 impedivisset,
1543 2010 1631 2061 quin

220 2080 303 2118 acta
343 2081 502 2119 senatus
543 2078 690 2129 legeret·
712 2081 826 2128 atque
857 2079 903 2118 iis
936 2081 1098 2119 uteretur
1130 2080 1165 2119 in
1198 2079 1408 2134 scribendis
1441 2079 1545 2120 libris
1577 2079 1633 2119 ni-

221 2146 436 2187 storiarum.
498 2143 659 2186 Senator
690 2148 814 2187 autem
847 2147 944 2197 quod
984 2148 1056 2190 fnit.
1087 2148 1323 2190 Herodianus
1355 2149 1514 2190 maxime
1547 2158 1633 2200 pro-

222 2214 331 2255 batur
361 2212 770 2266 senatusconsulto*)‚
802 2216 901 2266 quod
932 2216 997 2258 ille
1026 2221 1309 2268 commemorat,
1341 2217 1479 2268 dequo
1500 2227 1634 2258 omnes

219 2283 295 2333 alii,
326 2284 386 2334 qni
418 2284 619 2324 senatores
652 2294 726 2324 non
759 2286 877 2333 erant,
909 2285 1140 2336 celabantur,
1171 2288 1346 2337 quocirca
1376 2287 1634 2328 senatuscon-

220 2352 360 2413 sultum
394 2353 543 2393 tacitum
578 2351 788 2393 vocabatur.
851 2352 1010 2394 Romani
1043 2354 1155 2403 enirn,
1188 2366 1274 2396 cum
1307 2356 1461 2398 nuntius
1492 2355 1633 2397 allatus

221 2422 328 2461 esset
364 2421 478 2462 ambo
517 2418 682 2474 majores
714 2420 927 2463 Gordianos
958 2433 1049 2464 esse
1079 2423 1251 2473 occi808‚
1297 2424 1476 2476 populum
1507 2424 1634 2478 impri-

222 2490 369 2541 misque
401 2485 577 2540 sdffltum
610 2501 775 2542 magnus
800 2491 909 2533 timor
925 2493 1075 2543 invasit,
1107 2492 1498 2545 nansimperatoribus
1512 2495 1633 2537 amis-

318 2625 353 2669 *)
377 2629 433 2661 De
466 2629 779 2664 senatusconsulto
817 2631 927 2663 tacito
952 2630 996 2663 cf.
1021 2630 1064 2664 F.
1089 2630 1262 2671 Walther‚
1301 2631 1431 2666 Geseh.
1457 2632 1521 2665 des
1545 2635 1632 2666 r6m.

220 2684 368 2727 Rechts,
395 2696 425 2718 c.
451 2686 597 2720 XXXII.
647 2686 722 2720 Jul.
749 2686 940 2729 Capitolini
967 2687 1137 2721 Gordiani
1163 2691 1247 2730 tres,
1274 2700 1305 2723 c.
1335 2689 1390 2732 12,
1415 2700 1449 2732 p.
1474 2686 1531 2724 95.
