1808 3071
858 218 912 270 15

181 339 268 372 eum
301 327 438 372 iactum
470 341 561 372 esse
591 325 637 372 de
668 332 799 384 rebuS,
836 338 931 384 quae
969 334 1055 376 aliis
1085 334 1225 408 imperii
1257 333 1416 376 Romani
1448 333 1585 375 locise-

183 400 368 442 venerint:
398 401 484 442 hnic
516 401 564 441 rei
597 402 810 443 testimonia
839 402 986 445 desunt.

831 579 871 624 s.
901 573 944 616 8.

468 677 536 728 lle
571 677 735 753 operis
770 677 1034 731 virtutibus
1067 695 1123 731 ac
1159 678 1305 732 vitiis.

300 792 487 842 Lectioi‘)
520 794 718 837 Herodiani
745 796 1025 847 jucundissima
1055 799 1113 837 est
1145 807 1266 838 rerum
1282 798 1404 849 copia,
1432 800 1511 838 arte
1532 796 1588 837 di-

181 862 311 914 cendi,
358 863 554 914 brevitate,
604 865 838 906 orationibus
877 852 1150 918 saepenumero
1187 865 1387 907 narrationi
1425 865 1591 914 insertis,

182 931 340 984 simplici
372 933 533 983 quadam
565 934 601 973 et
631 933 781 975 sincera
811 933 1044 986 eloquentia3
1092 945 1174 984 reS,
1209 945 1305 985 quas
1337 945 1488 975 narrare
1518 934 1588 974 sibi

181 1001 390 1054 proposuit,
422 1000 533 1054 plane
551 1007 768 1054 perspectas
800 1003 910 1047 babet
942 1004 1168 1055 modumque
1199 1003 1335 1056 optime
1366 1005 1479 1054 tenet,
1509 1003 1592 1054 qui-

183 1070 256 1113 bus
287 1071 464 1114 omnibns
496 1073 610 1114 rebus
642 1073 797 1116 Dionem
828 1073 1023 1125 aequalem
1046 1084 1159 1114 suum
1178 1074 1344 1125 superat.
1392 1072 1460 1113 Hic
1481 1072 1593 1122 enim,

182 1150 296 1191 quum
329 1140 441 1181 simili
469 1142 657 1199 ‘materiae
695 1143 964 1195 dispositione,
1006 1142 1116 1183 simili
1156 1141 1415 1182 ‹licendi-arte
1452 1150 1591 1192 nequa·

182 1220 293 1261 quam
326 1220 423 1252 usus
460 1211 527 1260 sit,
574 1222 694 1254 rerum
735 1213 841 1265 copia
881 1212 1049 1254 turbatur
1086 1214 1197 1262 atque
1232 1210 1410 1253 obruitur.
1474 1210 1590 1252 Hero·

183 1279 320 1320 dianus
354 1280 547 1328 varietate,
593 1281 794 1322 affectuum
834 1283 870 1321 et
901 1291 1148 1333 personarum
1172 1280 1494 1332 <descriptionibus
1525 1279 1592 1320 ad·

184 1349 414 1390 mirationem
464 1350 572 1399 facit3
622 1348 770 1391 densus
817 1353 853 1390 et
890 1351 1011 1392 brevis
1042 1359 1274 1402 semperque
1301 1350 1371 1390 sibi
1409 1351 1593 1390 constans

184 1418 316 1470 paucis
348 1418 469 1459 verbis
502 1408 645 1469 narrat,
675 1430 770 1470 qnae
803 1421 911 1461 refert
942 1420 1197 1473 significanter
1227 1419 1392 1470 exponit.
1451 1419 1590 1459 Contra

185 1487 254 1529 Dio
293 1489 329 1529 et
366 1499 401 1530 in
434 1499 680 1540 personarum
722 1490 757 1529 et
798 1490 832 1530 in
865 1500 984 1530 rerum
1016 1488 1262 1541 explicatione
1294 1487 1445 1529 modum
1479 1488 1591 1540 longe

184 1557 339 1608 excedit,
371 1557 419 1598 ita
450 1560 489 1597 ut
520 1568 635 1610 saepe
666 1558 701 1598 in
726 1558 850 1609 parvis
882 1558 994 1599 rebus
1025 1559 1189 1608 baereat,
1219 1560 1255 1598 et
1287 1557 1405 1609 lepida
1437 1558 1592 1598 festiva·

185 1636 257 1677 que
288 1626 400 1667 latius
432 1637 543 1678 quam
577 1637 643 1679 par
674 1627 748 1678 est,
784 1631 906 1668 narret
936 1628 1034 1678 quod
1066 1630 1102 1668 et
1135 1627 1373 1680 verbositatis
1401 1627 1438 1667 et
1469 1626 1592 1667 minu·

185 1697 318 1736 tiarum
365 1695 528 1736 studium
577 1694 779 1735 lectoribus
824 1695 985 1736 taedium
1031 1695 1152 1737 affert.
1213 1694 1451 1736 Herodianus
1494 1705 1593 1744 vero,

186 1774 434 1816 quaecunque
479 1763 607 1816 tradit,
663 1764 817 1815 astricta
860 1764 907 1804 ad
956 1765 1190 1817 imperatoris
1237 1774 1437 1816 personam
1484 1764 1594 1805 refert

185 1835 361 1884 tantaque
392 1834 427 1873 in
461 1844 506 1873 eo
537 1833 714 1873 alacritas
745 1836 780 1871 et
809 1843 874 1872 ars
905 1832 1048 1873 dicendi
1081 1837 1152 1883 est,
1185 1834 1223 1873 ut
1245 1834 1329 1872 octo
1354 1833 1591 1874 historiarum

187 1902 302 1944 libros
333 1902 477 1942 similes
511 1903 640 1954 putare
670 1902 763 1942 octo.
785 1900 924 1941 fabulis
956 1911 1029 1942 non
1062 1900 1239 1949 dubitem,
1271 1912 1427 1953 quarum
1451 1900 1592 1954 primas

187 1973 314 2025 partes
347 1971 589 2023 imperatores
621 1973 751 2023 agunt.
830 1968 899 2019 Qui
938 1981 1022 2010 cum
1060 1979 1210 2022 semper
1248 1970 1366 2023 primo
1408 1963 1492 2011 loo'o
1523 1981 1592 2022 po-

188 2043 344 2090 nantur,
388 2052 503 2093 saepe
534 2041 596 2090 tit,
642 2040 674 2080 id
707 2039 804 2090 quod
837 2039 977 2080 dudum
1012 2031 1280 2091 reprehensum
1313 2042 1391 2089 est,
1437 2045 1476 2080 ut
1515 2050 1590 2081 non

188 2123 332 2164 paucas
365 2122 446 2160 res,
491 2120 585 2161 quae
627 2110 774 2151 minime
814 2121 914 2162 parVi
949 2110 1123 2151 momenti
1155 2113 1266 2159 sunt,
1296 2110 1451 2150 omittat.
1512 2109 1594 2158 Qua

189 2192 247 2228 re,
292 2191 388 2232 quae
429 2180 530 2221 libris
569 2179 653 2220 suis
693 2178 881 2220 mandavit
918 2190 963 2220 ex
1001 2178 1086 2219 aliis
1124 2178 1367 2230 scriptoribus
1409 2178 1595 2230 explenda

189 2253 292 2292 sunt.
347 2249 569 2303 Papianum,
602 2250 641 2290 ut.
671 2248 842 2301 exempla
872 2248 1041 2299 afferam,
1064 2247 1253 2299 Paullum,
1268 2248 1467 2301 Ulpianum
1492 2247 1594 2301 jiiris

188 2315 439 2372 peritissimos
470 2317 662 2367 Ovinium,
695 2316 915 2365 Camillum,
950 2317 1174 2358 Antoninum
1207 2316 1466 2369 (Sulpicium),
1496 2316 1593 2358 Ura-

191 2390 291 2430 nium
313 2388 592 2438 (Antoninum),
623 2386 867 2440 imperatores
898 2397 920 2427 a
952 2386 1128 2427 militibus
1146 2385 1376 2443 appellato&
1408 2396 1469 2426 res
1487 2385 1592 2426 Cliri-

190 2457 336 2499 stianas
353 2457 502 2498 silentio
520 2455 715 2507 praeteriit,
747 2455 857 2496 Marci
877 2455 1009 2495 Aurelii
1033 2453 1339 2507 liberornmffi‘),
1370 2454 1594 2508 coniugum-

243 2630 250 2634 ,
287 2593 322 2637 ²¹²)
354 2594 400 2630 cf.
431 2595 478 2628 H.
504 2594 633 2635 Ulrici,
671 2594 957 2629 Charakteristik
994 2594 1056 2628 der
1091 2594 1236 2627 antiken
1273 2594 1593 2639 Historiographie.

190 2654 311 2687 Berlin
338 2651 438 2687 1833.
464 2650 620 2686 Praefat.
645 2652 693 2685 ad
716 2652 850 2686 Herod.
875 2651 996 2685 Wolfii
1018 2662 1100 2696 pag.
1125 2651 1280 2685 XXXIX
1304 2663 1357 2695 sq.
1381 2652 1461 2685 Ln.
1487 2663 1540 2696 sq.

262 2708 321 2752 **)
346 2711 427 2744 Duo
452 2708 568 2742 Marci
590 2710 727 2751 Aurelii
750 2711 972 2753 imperatoris
996 2709 1104 2751 filios,
1131 2709 1363 2742 Commodum
1400 2713 1436 2742 et
1460 2709 1595 2744 Verum

191 2767 418 2802 Herodianus
443 2767 502 2801 lib.
515 2766 599 2801 1.-c.
623 2767 658 2802 9.
684 2769 715 2809 ξ.
732 2766 762 2802 l.
789 2771 1052 2802 commemorat.
1099 2767 1283 2802 Commodi
1306 2771 1425 2802 autem
1448 2768 1592 2803 fratrem
