1808 3071
844 108 887 150 11

289 218 371 270 Via,
402 219 507 268 ratio,
536 225 660 270 genus
691 215 905 268 scriptionis
930 215 1127 257 maximam
1153 218 1292 268 partein
1323 229 1368 260 ex
1402 218 1576 260 librorum

168 289 415 342 dispositione
451 299 497 328 ac
533 284 717 327 divisione
753 287 924 339 apparet.v
949 332 951 334 .
981 284 1018 326 ln
1038 289 1134 328 'octo
1174 286 1290 330 libros
1328 290 1445 331 totum
1478 298 1578 342 opus

166 358 216 400 ita
246 358 406 398 divisum
439 355 518 406 est,
552 358 590 395 ut
622 354 768 407 primus
799 355 891 397 liber
926 367 950 396 a
981 355 1188 398 Commodo
1228 367 1290 398 res
1321 362 1452 411 gestas
1483 370 1577 401 con-

165 427 300 476 tineat,
349 423 439 465 liber
476 418 671 466 secundus
703 424 985 466 Pertinacis'et
1013 424 1145 467 Juliani
1185 426 1379 468 historiam
1411 428 1575 481 comple-

166 497 298 543 ctatur,
329 493 460 534 tertius
479 491 646 546 Septimii
673 492 814 542 Severi,
846 496 1004 544 quartus
1021 495 1217 546 Caracalli,
1249 497 1405 548 quintus
1423 484 1598 539 Macrini'

166 565 278 616 atque
309 561 525 614 Elagabali,
556 564 690 604 sextus
720 562 917 605 Alexandri
949 562 1097 615 Severi,
1129 565 1314 618 septimus
1345 568 1578 618 octavusque

165 631 352 676 Maximini
390 631 659 674 Gordianorum
706 633 810 685 primi
858 636 893 674 et
937 634 1093 676 alterius
1140 624 1296 688 Pupieni
1343 637 1378 677 et
1418 635 1576 678 Balbini.

165 701 324 744 Summa
354 701 590 754 singulorum
624 701 799 743 librorum
833 703 1030 754 imperator
1052 715 1153 745 unus
1175 706 1247 755 est,
1278 705 1404 745 omnia
1423 705 1577 745 astricte

163 770 211 813 ad
243 770 348 812 illum
381 772 610 816 referuntur.
661 773 699 813 ut
731 782 804 813 non
839 783 981 823 paucae
1021 783 1082 813 res
1120 773 1292 826 insignes
1324 773 1576 827 negligantur,

163 840 247 883 ideo
313 840 412 891 quod
471 839 518 881 ad
581 841 838 894 imperatorem
905 842 1184 898 depingendum
1253 841 1339 885 nihil
1407 843 1576 885 conterre

164 909 300 952 valent.

818 1042 853 1091 S.
887 1039 927 1081 5.

371 1141 441 1193 lie
477 1144 720 1210 tempore,
757 1159 853 1211 quo
889 1142 1006 1195 liin-i
1043 1142 1215 1211 scripti
1252 1142 1365 1195 sint.

281 1259 442 1309 Quando
472 1270 571 1312 opus
603 1260 838 1306 Herodianus
868 1260 1136 1314 conscripserit
1166 1271 1212 1301 ex
1244 1260 1291 1300 iis
1323 1259 1443 1311 locis,
1473 1270 1571 1310 quos

165 1330 201 1371 in
233 1331 356 1371 aetate
387 1328 473 1381 ejus
511 1330 760 1372 examinanda
796 1331 1040 1381 contulimuS,
1085 1328 1317 1382 perspicitur.
1378 1328 1503 1370 Primo
1534 1329 1570 1370 in

161 1398 282 1450 capite
313 1398 416 1449 primi
449 1397 603 1449 librifi‘),
625 1402 665 1440 ut
695 1391 898 1441 historiam'
919 1411 984 1452 per
999 1400 1198 1452 sexaginta
1213 1408 1338 1439 annos
1368 1408 1574 1449 perseque-

162 1467 282 1518 retur,
327 1466 397 1508 sibi
439 1477 485 1508 se
522 1468 771 1520 proposuisse
810 1469 1020 1522 profitetur,
1069 1466 1238 1516 secundo
1282 1466 1319 1507 in
1362 1465 1484 1518 capite
1527 1466 1575 1508 ab

161 1546 323 1578 excessu
355 1536 466 1578 Marci
500 1536 635 1578 Aurelii
683 1540 935 1590 profecturum
982 1548 1072 1579 esse
1118 1536 1267 1578 indicat.
1328 1535 1450 1588 Opere
1488 1545 1575 1577 vero

160 1616 262 1647 anno
293 1604 438 1647 CMXCl
468 1616 504 1648 a.
538 1617 573 1648 u.
607 1618 640 1648 c.
670 1607 795 1652 linito.
846 1608 879 1649 si
920 1607 1115 1661 diligenter
1152 1615 1315 1658 quaeras
1347 1604 1418 1646 ΗΧ
1448 1616 1575 1647 annos

160 1676 197 1717 in
230 1675 384 1718 historia
416 1675 611 1718 scribenda
644 1678 869 1730 persecutus
899 1681 969 1719 est.
1031 1676 1285 1718 Herodianum
1326 1675 1451 1718 autem
1485 1678 1574 1717 ante

158 1756 301 1786 anuum
333 1744 463 1786 CMXC
494 1757 528 1786 a.
562 1758 598 1787 u.
631 1757 669 1786 c:
694 1747 820 1797 operis
852 1747 1029 1799 singulas
1068 1749 1207 1798 partes·
1231 1755 1305 1785 uon
1345 1745 1572 1799 confecisse,

160 1812 230 1855 sed
261 1824 338 1856 uno
370 1813 577 1865 eodemque
614 1816 780 1868 tempore
820 1816 997 1858 continuo
1037 1825 1172 1857 omnes
1212 1813 1329 1856 libros
1368 1814 1573 1867 scripsisse

158 1885 321 1934 oportet3
355 1885 440 1924 uam
473 1894 570 1933 quae
601 1885 702 1925 initio
734 1886 814 1925 libri
847 1886 952 1937 primi
984 1895 1136 1925 narrare
1166 1883 1348 1935 instituit,
1380 1886 1420 1924 ut
1449 1894 1572 1924 anno-

160 1963 240 2000 rum
273 1952 472 2005 sexaginta
503 1953 694 1995 historiam
711 1953 902 2005 scriberet,
935 1952 1097 2006 perfecit.
1136 1952 1333 2002 ‚Quamdiu
1365 1963 1453 2006 vero
1484 1957 1572 2006 post

159 2032 302 2069 anuum
334 2022 465 2064 CMXC
512 2035 547 2065 a.
582 2035 619 2064 u.
659 2035 690 2064 c.
754 2024 870 2065 libros
909 2025 994 2064 octo
1035 2023 1250 2074 scripserit,
1296 2024 1411 2064 certis
1450 2023 1574 2064 verbis

159 2089 394 2133 Herodianus
456 2092 538 2144 ipse
600 2103 679 2134 non·
741 2091 839 2134 dixit.
932 2091 1167 2144 Quamquam
1228 2091 1468 2140 Herodianus
1534 2103 1573 2133 re

160 2169 258 2200 vera·
291 2158 364 2201 ux
408 2171 595 2202 annerum
649 2161 841 2202 historiam
887 2161 936 2203 ob
999 2162 1134 2203 oculos
1189 2162 1311 2215 ponit,
1356 2165 1479 2203 tamen
1526 2161 1572 2202 de

158 2230 357 2282 sexaginta
410 2221 535 2274 auni's'
570 2230 743 2282 loquitur.
815 2230 850 2272 ld
890 2230 1037 2282 quidem
1094 2231 1334 2273 manifestum
1380 2234 1455 2283 est,
1498 2232 1569 2273 nisi

159 2307 233 2339 non
281 2299 459 2352 imparem
505 2311 702 2342 niiinerum
756 2311 842 2342 eum
889 2300 1132 2354 significasse
1178 2301 1404 2354 sumpseriS‚
1451 2299 1570 2342 Hero·

157 2366 307 2410 dianum
338 2369 387 2411 ab
423 2381 526 2410 anno
564 2369 768 2411 CMXXXlll
809 2381 841 2410 a.
874 2382 908 2411 u.
950 2382 984 2411 c,
1015 2369 1062 2411 ad
1089 2380 1208 2420 eum,
1253 2381 1328 2421 quo
1365 2371 1570 2422 scripserit,

157 2446 296 2479 annum
318 2449 556 2489 numerasse,
573 2439 696 2490 itaque
712 2438 864 2491 planum
882 2440 955 2488 est,
972 2438 1088 2480 libros
1103 2449 1206 2481 anno
1223 2438 1415 2481 CMXCCll
1431 2451 1466 2480 a.
1482 2451 1519 2481 u.
1536 2451 1568 2480 c.

159 2505 214 2546 vel
248 2507 378 2558 ultimo
407 2519 509 2550 anno
540 2507 683 2549 cuxei
715 2519 752 2548 a.
786 2520 823 2549 u.
856 2519 888 2548 c.
913 2499 1083 2560 ‘scriptos
1114 2518 1215 2548 esse.
1263 2507 1436 2549 Ceterum
1469 2519 1569 2562 opus

251 2667 289 2711 *)
313 2670 446 2705 Hexod.
471 2670 553 2704 Lib.
577 2671 607 2705 Ι.
633 2681 663 2706 c.
693 2669 722 2704 1.
749 2670 781 2704 2.
806 2671 839 2711 §-
864 2671 899 2706 5.
922 2671 985 2705 lib.
1010 2671 1057 2706 11.
1083 2681 1114 2703 c.
1143 2669 1198 2705 15.
1223 2672 1254 2713 §-
1279 2671 1312 2706 7.
