1808 3071
840 102 975 167 '20

239 230 407 284 attingit,
468 231 672 284 scriptores
722 241 809 273 vero
871 231 1048 286 historiae
1100 233 1295 285 Augustae
1345 230 1526 275 Severum
1554 234 1653 287 -pri-

241 312 343 343 mum
377 301 537 343 Romam
588 302 671 343 inde
715 301 762 343 ad
803 302 977 344 Rhenum
1025 303 1232 354 profectum
1279 312 1368 343 esse
1407 303 1534 344 fusius
1566 315 1655 344 nar-

242 374 337 412 rant.
400 370 506 419 Quod
547 382 658 422 quum
691 371 930 413 Herodianus
978 373 1185 423 praetereat
1225 375 1322 413 recta
1362 373 1418 414 via
1460 373 1658 425 imperator

243 442 291 484 ab
322 442 411 482 Asia
451 441 730 494 Maguntiacum
778 442 845 481 iter
892 441 1031 482 fecisse
1078 438 1240 492 videtum
1283 442 1343 482 sin
1390 443 1658 494 autequuae

242 511 447 562 scriptores
489 510 670 552 historiae
701 511 895 563 Augustae
927 509 1152 560 retulerunt,
1193 511 1498 562 respexeris-,in
1533 511 1657 553 Wolai

243 579 367 621 verbis
401 592 527 621 verum
561 581 691 620 inesse
722 590 796 620 uon
829 579 1051 620 contendes.
1106 579 1280 620 Ceterum
1303 574 1467 623 wolfius
1499 581 1660 633 graviter

243 649 457 700 offenditur,
489 649 588 701 quod
614 648 734 690 Rheni
766 646 905 690 flumen
937 648 1025 701 gelu
1057 648 1107 689 ita
1137 647 1310 690 duratum
1344 650 1477 699 fuisse,
1508 651 1660 692 utinili-

244 722 303 760 tes
346 719 455 760 facile
493 719 610 771 trajici
652 718 858 769 potuerint,
904 718 1143 760 Herodianus
1174 720 1471 761 noster-narret.
1531 721 1661 761 Mirum

246 799 351 829 sane.
400 787 495 828 Nam
532 787 716 840 prioribus
739 786 822 839 jam
856 788 1088 840 temporibus
1119 792 1156 829 et
1171 782 1367 830 Romanos
1399 791 1434 829 et
1453 791 1662 831 Germanos

247 858 368 898 hieme
406 857 622 898 Danubium
669 855 867 907 trajecisse
904 869 928 898 a
967 858 1218 909 locupletibus
1257 858 1420 899 testibus
1462 859 1663 899 memoriae

244 925 419 967 traditum
460 927 529 966 est.
594 925 792 967 Praeterea
817 925 906 977 jam
948 926 1081 979 glaciei
1114 927 1343 979 fragmenta,
1390 937 1485 979 quae
1515 935 1664 978 quoque

243 1006 346 1037 anno
378 1006 423 1036 ex
455 995 654 1047 superficie
699 1006 797 1045 aqua
836 996 963 1037 soluta
1002 995 1166 1037 fluminis
1197 997 1411 1049 impetu-ad
1443 1006 1546 1038 mare
1576 1008 1662 1048 pro-

248 1064 416 1114 luuntur,
447 1063 621 1106 Rhenum
656 1065 787 1106 hiemis
820 1067 985 1117 tempore
1016 1065 1138 1118 glacie
1167 1066 1290 1107 induci
1316 1065 1425 1106 nobis
1449 1065 1663 1106 ostendunt.

364 1134 508 1175 Deinde
539 1146 623 1175 cum
642 1134 879 1175 Herodianus
913 1135 1215 1186 reprehendatur,
1246 1135 1346 1186 quod
1363 1134 1519 1176 Hemam
1538 1126 1674 1175 ltaliae

247 1202 423 1255 oppidum
471 1202 668 1255 appellarit
716 1203 842 1244 minus
888 1204 987 1244 recte
1024 1203 1229 1255 judicatur.
1291 1203 1347 1245 Ex
1385 1204 1525 1255 imperii
1564 1204 1663 1244 enim

248 1273 409 1315 Romani
437 1272 638 1323 divisione,
669 1282 779 1322 quam
812 1273 1011 1324 Augustus
1043 1273 1130 1314 fecit
1162 1265 1279 1314 Hema'
1311 1276 1348 1313 et
1376 1273 1554 1314 cranium
1587 1273 1665 1313 sive

248 1342 440 1391 Carnium,
472 1352 570 1392 quae
602 1341 738 1394 oppida
768 1341 815 1382 ad
847 1342 941 1383 viam
973 1342 1023 1383 ab
1040 1341 1210 1394 Aquileia
1231 1343 1267 1383 in
1285 1342 1521 1384 Pannoniam
1545 1342 1666 1384 feren-

245 1414 319 1453 tem
352 1411 427 1453 sita
458 1412 563 1463 sunt,
593 1411 630 1454 ln
662 1410 881 1464 oppidorum
915 1410 1091 1452 Venetiae
1123 1422 1278 1453 nuniero
1309 1414 1530 1454 referuntur.
1590 1412 1668 1454 Nec

249 1484 376 1523 minus
408 1484 518 1533 errat,
550 1481 612 1532 qui
643 1492 689 1522 ex
720 1492 766 1522 eo
798 1480 893 1528 loco,
923 1491 998 1532 quo
1020 1480 1267 1523 Herodianus
1300 1482 1429 1523 multis
1460 1482 1520 1524 de*
1538 1483 1667 1535 capiti-

249 1551 321 1592 bus
353 1551 532 1602 loquitur,
564 1550 701 1602 quibus
734 1550 844 1591 Nilus
875 1561 990 1602 prope
1022 1550 1289 1592 Alexandrium
1322 1552 1493 1593 manare
1525 1551 1668 1602 influat,

247 1620 437 1662 nesciisse
468 1631 558 1660 eum
590 1619 816 1661 concludere
850 1619 949 1670 velit,
979 1619 1105 1661 Nilum
1129 1630 1214 1671 uon
1248 1620 1373 1673 ipsum
1407 1621 1666 1663 Alexandriani

252 1689 569 1743 praeterfluxisse‚
617 1689 683 1731 sed
732 1691 886 1731 fossam.
914 1689 1101 1741 quosdam
1142 1700 1188 1731 ex
1227 1689 1379 1732 flumine
1411 1691 1476 1733 illo
1508 1691 1669 1733 ductam.

253 1758 356 1803 Sane
387 1759 535 1811 quidem
567 1758 825 1809 concedimUS‚
858 1770 989 1810 parum
1021 1760 1216 1812 diligenter
1237 1759 1489 1802 Herodianum
1520 1761 1567 1802 de
1596 1761 1667 1802 hac

256 1840 295 1871 re
341 1829 496 1871 dixisse.
568 1828 711 1871 Eadem
760 1829 991 1882 negligentia
1039 1830 1123 1871 vitio
1162 1830 1194 1870 ei
1232 1830 1409 1871 vertenda
1446 1832 1533 1881 est3-
1570 1831 1669 1881 quod

253 1899 491 1940 Pannoniam
531 1910 615 1940 cum
647 1897 815 1940 Paeonia
847 1896 965 1952 (quae
997 1899 1101 1951 regio
1134 1897 1319 1940 Thraciae
1350 1900 1438 1947 est)
1462 1899 1669 1940 confundit.

370 1968 605 2019 Quamquam
647 1967 758 2021 igitur
797 1968 907 2009 nobis
940 1968 1191 2010 confitendum
1224 1970 1306 2018 est,
1353 1967 1606 2009 Herodianum
1638 1971 1674 2010 et

253 2038 429 2091 Europae
476 2041 512 2078 et
544 2037 689 2078 Africae
739 2037 851 2079 urbes
900 2039 1152 2091 regionesque
1190 2037 1285 2079 bene
1316 2039 1490 2091 cognitas
1521 2037 1670 2089 habere,

250 2108 365 2150 Asiae
396 2110 519 2149 tamen
554 2109 681 2159 partes
713 2107 824 2160 plane
855 2109 1015 2162 ignorat,
1047 2107 1148 2150 velut
1178 2101 1555 2159 lssum'proArbelis
1573 2103 1626 2159 lll,
1644 2106 1670 2149 4

252 2179 368 2231 ponit.
429 2177 626 2217 Maximam
673 2188 759 2218 vero
806 2177 1040 2219 inscientiam
1083 2176 1246 2219 ostendit
1276 2177 1312 2218 in
1346 2176 1441 2219 libro
1472 2175 1534 2228 lll,
1565 2186 1597 2218 c.
1630 2173 1672 2226 9,

252 2248 314 2290 ubi
347 2247 534 2297 Arabiam,
566 2258 663 2298 quae
694 2247 989 2300 Mesopotamiae
1021 2248 1125 2300 regio
1155 2246 1341 2298 quaedam
1374 2246 1456 2291 fuit,
1492 2245 1553 2287 ubi
1581 2247 1671 2287 Atra

252 2318 326 2358 sita
372 2318 482 2366 sunt,
528 2327 612 2357 cum
647 2316 782 2357 Arabia
829 2317 924 2357 felici
966 2316 1180 2365 confundit3
1228 2325 1301 2367 qua
1335 2325 1373 2356 re
1404 2315 1541 2356 ductus
1571 2314 1673 2356 falso

252 2387 418 2438 mireque
459 2386 606 2428 tradidit
638 2386 890 2428 Alexandrum
923 2385 1105 2427 Severum
1137 2386 1174 2426 in
1207 2385 1380 2426 Arabiam
1419 2384 1566 2425 felicem
1614 2385 1674 2424 iu-

253 2456 405 2497 vasisse
421 2455 539 2496 multa
570 2465 667 2506 quae
698 2455 835 2508 oppida
865 2455 1029 2508 cepisse,
1091 2454 1265 2505 Atrisque
1291 2454 1430 2497 trustra
1446 2453 1674 2507 oppugnatis

253 2525 491 2576 exercituque
524 2525 560 2567 in
595 2536 712 2566 naves
745 2525 922 2577 imposito
951 2525 999 2566 ad
1017 2524 1226 2565 Parthicam
1252 2535 1355 2566 oram
1369 2524 1535 2565 delatum
1556 2532 1673 2574 prope

256 2594 538 2648 Ctesiphontem
572 2605 592 2634 e
626 2594 786 2636 navibus
818 2594 954 2636 milites
986 2594 1226 2646 exposuisse.
1280 2592 1440 2638 Falsum
1472 2595 1543 2644 est,
1575 2593 1673 2644 quod

255 2663 345 2706 dicit
374 2664 420 2707 de
451 2666 525 2707 situ
558 2665 770 2718 provinciae
800 2665 914 2712 Asiae
939 2664 994 2717 ΙΙΙ,
1028 2662 1064 2705 2.
1113 2664 1413 2717 Cladeaccepta
1444 2664 1543 2704 enim
1574 2664 1675 2716 apud
