1808 3071
880 146 910 190 8

189 255 270 296 tum
301 265 386 297 cum
419 253 540 307 plebe,
570 254 648 295 tum
681 263 766 294 cum
783 251 983 295 Maximino
1013 252 1235 305 imperatore
1256 251 1453 305 faciebant,
1483 264 1600 295 sena-

192 326 309 374 tores,
339 332 388 364 ne
403 323 441 364 in
452 314 649 365 'summum
673 321 878 374 periculum
895 321 1112 374 inciderent,
1141 332 1238 374 quae
1254 324 1420 376 egerant,
1451 322 1601 365 celasse

189 392 433 444 perspicuum
480 394 551 434 est.
612 390 717 440 Quae
760 393 844 433 acta
888 392 1049 433 senatus
1081 391 1147 433 illo
1183 391 1266 443 jam
1297 394 1484 444 tempore,
1527 403 1601 442 quo

188 460 430 503 Herodianus
462 460 624 513 scripsit,
653 471 678 501 a
708 460 950 503 senatoribus
980 459 1113 501 timore
1144 460 1354 512 compulsis
1374 460 1498 502 deleta
1513 471 1621 508 esse-

188 532 391 573 verisimile
420 533 492 573 est.
553 529 685 581 Neque
715 530 814 571 enim
846 530 1082 583 Capitolinus
1103 529 1205 583 ‘(vita
1237 529 1410 571 Maximin
1433 528 1480 580 ΙΙ)
1511 530 1603 572 haec

188 601 273 644 acta
305 600 450 654 reperit,
480 610 527 642 ex
557 599 696 651 quibus
728 599 875 658 haurire
905 599 1035 652 potuit,
1070 610 1156 642 cum
1190 599 1266 641 fere
1296 597 1426 640 eadem
1456 599 1602 641 tantum

192 671 394 712 memoriae
423 668 633 720 tradiderit,
663 678 759 719 quae
790 667 1043 711 Herodianus,
1104 668 1210 718 Quod
1242 669 1390 720 quidem
1423 669 1602 711 rationem

188 739 298 782 affert
327 739 379 782 illi
411 738 633 790 sententiae,
663 736 917 780 Herodianum
950 737 1013 780 illa
1043 737 1091 780 ab
1122 738 1363 780 senatoribus
1382 745 1604 792 compressa

189 806 385 862 divulgare
416 809 602 863 potuisse,
631 807 730 859 quod
763 811 917 849 senator
948 808 1027 850 tuit.
1090 808 1262 850 Ceterum
1294 807 1413 851 Dione
1444 809 1603 861 scripto-

189 879 371 931 ribusque
408 878 588 921 historiae
620 877 816 930 Augustae
852 876 1000 918 collatis
1031 876 1286 918 Herodianum
1317 877 1364 918 de
1394 878 1460 929 iis;
1506 888 1604 929 quae

190 947 228 989 in
275 948 412 989 senatu
457 935 688 996 evenerunt,
735 957 809 987 non
849 946 961 989 modo
1000 958 1075 989 non
1107 947 1300 989 certiorem
1333 948 1470 992 factum
1502 958 1604 998 esse,

170 1013 260 1057 “sed
308 1015 419 1056 etiam
465 1025 511 1056 ea
550 1025 637 1056 vere
674 1015 876 1056 tradidisse
914 1018 1073 1057 constat.
1136 1015 1233 1057 Nihil
1266 1017 1344 1066 est,
1389 1016 1487 1067 quod
1507 1015 1605 1071 ,quis

194 1086 325 1126 contra
356 1084 476 1136 dicat,
524 1084 590 1125 illo
621 1085 787 1136 tempore
819 1083 1074 1129 Herodianum
1105 1087 1318 1126 senatorem
1351 1085 1603 1136 essenequi-

191 1153 315 1204 visse,
361 1153 451 1204 quia
480 1163 556 1194 non
588 1153 788 1195 Romanus
819 1154 920 1195 civis·
942 1154 1072 1205 fuerit,
1118 1165 1206 1196 nam
1237 1153 1285 1195 ab
1316 1154 1455 1195 Cassio
1487 1154 1605 1196 Dione

192 1222 410 1276 accepimus
456 1221 654 1264 Caracallo
710 1224 932 1276 imperatore
979 1222 1161 1280 civitatem
1216 1223 1394 1266 omnibus
1440 1223 1602 1265 delatam

191 1303 298 1344 esse,
329 1292 391 1343 qui
422 1292 497 1334 sub
528 1292 684 1344 imperio
715 1292 891 1336 Romano
923 1292 1171 1334 versabantur
1185 1290 1254 1342 ὕ).

846 1423 886 1469 §.
918 1417 958 1462 3.

606 1520 676 1572 lle
711 1520 969 1574 Herodiani
1005 1522 1182 1591 patria.

309 1638 549 1682 Herodianus
595 1638 747 1680 natione
793 1638 958 1682 sortasse
1004 1641 1101 1682 certe
1137 1640 1289 1695 ingenio
1320 1642 1488 1683 Graecus
1527 1641 1606 1692 tuit,

193 1709 295 1760 quod
327 1711 364 1751 et
393 1719 439 1750 ex
472 1709 622 1750 nomine
653 1709 691 1748 et
720 1708 871 1761 lingua,
916 1720 989 1761 qua
1019 1710 1055 1750 in
1088 1710 1287 1752 scribendo
1320 1721 1417 1752 usus
1448 1712 1523 1762 est,
1569 1714 1606 1751 et

189 1788 238 1820 ex
269 1789 329 1832 eo,
360 1778 458 1830 Quod
477 1777 663 1821 Romanis
680 1779 822 1820 Graeca
853 1779 1022 1832 opponit,
1054 1779 1163 1822 facile
1193 1780 1446 1834 cognoscitur.
1487 1781 1604 1822 Grae·

192 1847 286 1889 ciam
319 1858 407 1890 vero
439 1849 595 1901 patriam
626 1847 826 1889 Herodiani
858 1848 981 1890 fuisse
1010 1849 1116 1892 nulla
1147 1850 1304 1902 vestigia
1334 1850 1372 1890 in
1392 1848 1478 1901 ejus
1494 1860 1606 1902 opere

192 1918 358 1959 exstant.
420 1916 618 1969 Nusquam
666 1917 786 1968 enim,
829 1917 1004 1969 quamvis
1028 1919 1278 1972 saepissime
1323 1919 1474 1961 occasio
1519 1918 1605 1961 data

193 1988 320 2037 esset,
351 1986 548 2029 Graeciam
579 1987 702 2039 ipsam
734 1985 1145 2040 commemoravitffi‘).
1176 2013 1179 2016 Δ
1207 1988 1375 2030 Meminit
1404 1988 1551 2040 quidem
1582 2000 1606 2030 a

193 2055 380 2097 veteribus
412 2056 565 2098 Graecis
604 2056 795 2109 praeclare
825 2056 1015 2107 quondam
1047 2058 1241 2110 gestarum
1274 2069 1419 2108 rerum,
1467 2058 1528 2100 ubi
1559 2059 1605 2100 de

192 2123 380 2166 discordia
417 2126 644 2168 Graecorum
676 2125 896 2179 oppidorum
927 2125 964 2167 in
997 2126 1086 2168 Asia
1118 2127 1259 2168 minore
1290 2128 1447 2171 sitorum
1479 2127 1605 2170 disse·

192 2194 380 2246 nequae
408 2195 518 2237 bellis
549 2196 720 2238 civilibus
740 2207 775 2253 'a
796 2195 912 2249 Nigro
943 2198 979 2237 et
1000 2194 1141 2238 Severo
1171 2197 1301 2239 excitis
1334 2196 1603 2251 perturbaban—

285 2342 321 2387 *)
344 2346 575 2381 Herodianus
600 2347 675 2390 (lib.
689 2346 771 2388 V11,
798 2348 828 2380 cL
850 2345 909 2388 ll)
936 2346 1162 2385 Gallicanum
1186 2351 1387 2382 senatorem
1412 2360 1455 2383 ex
1479 2348 1603 2384 Africa.

191 2403 398 2447 oriundum,
423 2405 650 2440 consularem
674 2406 792 2439 virum
817 2409 1081 2440 commemorat.
1129 2406 1185 2440 Ab
1211 2406 1339 2441 Cassio
1363 2407 1480 2441 Dione
1504 2409 1604 2443 audi·

190 2461 319 2504 vimus,
346 2462 551 2507 Augustum
577 2464 829 2508 imperatorem
854 2464 1069 2507 decrevisse,
1094 2475 1140 2498 ne
1166 2465 1245 2508 quis
1262 2465 1462 2509 Aegyptius
1486 2468 1524 2500 in
1549 2478 1603 2501 se-

190 2522 314 2553 natum
339 2523 578 2566 cooptaretur.
629 2519 837 2556 Caracallus
862 2533 948 2557 vero
973 2523 1068 2556 hano
1091 2523 1207 2567 legem
1232 2523 1391 2558 abolevit
1414 2529 1451 2561 et
1470 2525 1603 2559 Severo

191 2577 406 2620 imperatore
439 2580 575 2623 primus
612 2591 657 2613 ex
686 2580 875 2624 Aegyptiis
910 2583 948 2614 in
986 2584 1191 2614 senatorum
1222 2592 1409 2617 numerum
1436 2586 1602 2627 receptus

190 2636 256 2668 est.
307 2636 373 2669 Dio
399 2633 455 2679 76,
480 2648 512 2672 o.
538 2637 573 2672 5.
622 2636 675 2671 cf.
700 2637 851 2680 Becker,
875 2637 1116 2672 Alterthfimer
1140 2638 1188 2682 H,
1214 2638 1247 2674 3.
1271 2640 1342 2676 217
1368 2652 1421 2685 sq.

263 2688 324 2731 **)
346 2692 543 2729 Herodian.
566 2695 629 2730 lib.
653 2695 723 2738 111,
748 2696 780 2730 o.
805 2694 840 2738 2,
865 2696 895 2738 §-
924 2694 956 2730 7.
