1808 3071
837 160 887 204 13

176 268 224 310 Et
253 279 330 320 qno
359 268 519 311 consilio
551 267 788 310 Herodianus
819 267 1009 308 historiam
1041 277 1135 309 suae
1164 263 1297 309 aetatis
1328 266 1492 309 scribere
1522 264 1580 306 in-

177 338 314 390 stituit,
352 339 464 391 exigit
494 349 539 378 ex
571 334 681 377 nobis
712 338 749 378 et
778 337 877 390 cogit
908 347 1001 389 nos,
1048 338 1086 378 ut
1116 336 1226 379 fldem
1258 336 1435 378 historiae
1466 336 1501 377 in
1534 344 1581 376 eo

176 408 302 461 magni
348 407 533 449 ducamus
616 405 837 449 Discrunine
875 407 973 449 enim
1020 408 1056 447 et
1092 407 1267 459 periculis
1306 406 1366 447 sui
1402 406 1580 458 temporis

175 477 362 521 adductus
392 480 463 528 est,
496 479 535 519 ut
565 476 756 520 historiam
789 476 1032 530 perscriberet
1061 477 1246 529 annisque
1266 475 1465 529 sexaginta
1497 477 1582 528 post

175 548 226 589 M.
258 547 395 589 Aurelii
428 548 582 589 mortem
616 559 737 589 rerum
763 550 956 603 gestarum
983 548 1181 588 memoriae
1197 546 1429 598 consuleret;
1461 556 1581 598 quan-

176 619 252 659 tum
285 628 372 658 vero
410 617 505 658 intra
536 616 624 658 illos
655 626 779 658 annos
817 627 878 658 res
916 617 1023 659 actae
1059 617 1106 658 ad
1139 617 1278 670 imperii
1310 615 1471 658 Romani
1503 616 1584 656 sta-

176 689 254 728 tum
287 686 508 727 conferrent
529 687 666 739 optime
698 686 875 729 intellexit
919 688 953 727 et
992 686 1077 727 inde
1115 686 1317 728 consilium
1355 686 1457 728 illius
1488 686 1583 726 tem-

176 755 279 807 poris
310 754 488 797 historiae
519 755 739 797 scribendae
770 756 877 808 cepit.
920 752 1055 807 Lege,
1092 766 1189 829 quae
1227 756 1309 807 ipse
1353 755 1399 795 de
1437 754 1508 795 hac
1546 764 1584 794 re

176 825 350 878 loquitur.
412 825 491 868 Lib.
523 824 547 867 l.
578 836 611 867 c.
644 824 666 866 l
697 826 734 883 5.
766 822 893 867 4-6,
959 818 1010 867 Εἰ
1054 825 1160 880 γοῦν
1206 839 1275 875 τις
1287 819 1583 905 παραβάλοι

174 890 320 937 πάντα
350 891 426 936 τὸν
458 888 552 936 ἀπὸ
586 895 666 937 τοῦ
695 894 929 976 Σεβαστοῦ
959 884 1141 950 χρὸνον,
1174 888 1224 944 ἐξ
1254 884 1398 948 οὗπερ
1430 889 1456 947 ἡ
1479 888 1583 933 Ῥω-

175 960 324 1018 μαίων
356 958 594 1007 δυναστεία
624 960 872 1017 μετέπεσεν
903 960 948 1013 ἕς
976 958 1238 1018 μοναρχίαν,
1270 976 1351 1003 οικ
1382 955 1436 1002 οἶν
1460 956 1585 1018 εῧροι

174 1028 220 1076 ἓν
251 1030 372 1075 ἔτεσι
412 1029 519 1090 περί
557 1047 649 1075 που
687 1028 940 1083 διακοσίοις
975 1029 1106 1086 μέχρι
1145 1032 1231 1073 τῶν
1264 1027 1458 1089 Μάρκου
1490 1046 1586 1072 και-

173 1103 264 1160 ρῶν
296 1095 399 1145 οῗίτε
428 1100 693 1156 βαισιλειῶν
724 1097 867 1152 οὕτως
899 1096 1181 1158 ἐπαλλήλους
1213 1095 1449 1155 διαδοχάς,
1480 1093 1585 1143 οἷῖτε

175 1163 388 1226 πολέμων
420 1165 652 1228 ἐμφυλίων
683 1187 730 1215 τε
761 1170 835 1214 καὶ
866 1169 1002 1223 ξένων
1028 1167 1162 1224 τύχας
1179 1167 1404 1220 ποικίλας,
1438 1168 1585 1212 ἐθνῶν

174 1257 221 1285 τε
254 1236 448 1298 κινήσεις
486 1239 558 1284 καὶ
591 1236 770 1284 πὺλεων
801 1235 994 1291 ἁλώσεις
1031 1240 1118 1282 τῶν
1156 1254 1204 1282 τε
1236 1237 1338 1298 ἕντῇ
1371 1234 1587 1297 ἡμεδαπῇ

175 1309 250 1354 καὶ
282 1309 329 1354 ἐν
364 1310 552 1361 πολλοῖς
581 1305 856 1390 βαρβάροις,
895 1309 975 1365 γῆς
1012 1324 1060 1352 τε
1091 1307 1301 1363 σεισμοῖς
1331 1305 1410 1351 καί
1441 1303 1588 1364 ἀέρων

175 1375 380 1437 φθόρας,
419 1395 641 1435 τυραννων
680 1394 727 1421 τε
758 1376 831 1421 καὶ
860 1375 1087 1433 βασιλέων
1121 1374 1251 1432 βίους
1282 1371 1587 1459 παραδόξους,

176 1444 397 1533 πρότερον
434 1465 461 1503 η
504 1445 708 1498 σπανίως
748 1463 772 1503 η
812 1442 910 1501 μεδ’
944 1442 1063 1498 σ’λως
1099 1450 1488 1505 μνημονευθέντας
1525 1438 1586 1489 ὧν

176 1534 221 1560 οι
249 1516 332 1572 μὲν
362 1513 704 1576 ἓπιμηνέστερον
735 1515 866 1571 ἔσχον
890 1514 967 1573 τὴν
993 1511 1146 1576 ἔρχην,
1177 1514 1220 1560 οι
1243 1515 1292 1561 δὲ
1311 1531 1586 1575 προςκαιρον

176 1587 252 1644 τὴν
283 1585 571 1637 δυναστείαν,
612 1582 699 1629 εἶσὶ
731 1581 828 1628 δὀἳ
849 1586 976 1643 μέχρι
1008 1583 1313 1644 προςηγορίας
1351 1585 1425 1630 καὶ
1457 1587 1588 1643 τιμῆς

175 1655 407 1715 ἐφημέρου
443 1654 583 1713 μόνης
620 1651 834 1707 ἐλθόντες
872 1652 1047 1708 εὐθέως
1084 1651 1411 1714 κατελύθησαν.
1457 1671 1587 1712 μερι-

176 1728 340 1770 σθεῖσα
389 1725 473 1783 γὰρ
519 1720 546 1784 ἦ
573 1720 803 1780 εῬωμαιων
855 1721 967 1783 ἀρχή
1017 1724 1062 1769 ἑν
1100 1724 1241 1768 ἔτεσιν
1280 1721 1497 1794 εξήκοντα
1543 1723 1589 1776 ἐς

178 1793 391 1848 πλείους
419 1795 673 1847 δυναστεία,
729 1789 759 1853 ἢ
812 1790 836 1837 ὃ
868 1792 1030 1852 χρόνος
1084 1790 1250 1853 ἆπὴτει
1305 1792 1454 1838 πολλὰ
1511 1792 1587 1837 καὶ

176 1863 366 1908 ποικίλα
397 1858 549 1920 ἤνεγκε
581 1864 656 1908 καὶ
690 1861 928 1919 θαύματος
960 1859 1081 1916 ἄξια.

293 1935 362 1977 His
393 1934 540 1986 quidem
575 1935 697 1977 verbis
728 1934 965 1977 Herodianus
1004 1936 1038 1976 in
1072 1934 1288 1976 universum
1320 1934 1521 1977 discrimen
1552 1936 1588 1976 et

177 2005 396 2057 periculum,
426 2005 461 2045 in
495 2001 594 2055 duod
627 2005 690 2047 illo
721 2007 887 2058 tempore
918 2005 1111 2058 imperium
1138 2003 1352 2047 Romanum
1385 2004 1587 2046 adductum

175 2076 247 2127 est,
279 2074 479 2129 significat.
541 2073 692 2117 Nullam
738 2074 850 2117 aliam
893 2085 1048 2116 causam
1096 2084 1166 2115 nec
1213 2073 1379 2119 studium
1427 2074 1585 2128 partium
1640 2088 1659 2098 N

178 2156 245 2186 nec
275 2145 565 2187 admonitionem
597 2145 754 2187 aliorum
786 2132 1036 2195 desiderabat,
1070 2146 1122 2195 ut,
1153 2155 1251 2195 quae
1280 2144 1327 2186 ad
1352 2142 1632 2187 scribendamQ

177 2214 237 2257 sui
268 2215 447 2268 temporis
480 2206 671 2257 historiam
703 2216 849 2267 quaque
880 2225 971 2257 cura
1002 2213 1218 2267 collegerat,
1233 2214 1367 2257 literis
1384 2214 1588 2258 mandaret

176 2282 404 2338 Snsceptum
437 2295 548 2336 quam
580 2284 676 2326 bene
706 2273 869 2327 evenerit
898 2285 934 2325 et
964 2284 1193 2338 comparatio
1224 2295 1309 2326 cum
1341 2284 1460 2327 Dione
1490 2285 1589 2326 sacta

177 2354 353 2408 ostendit,
380 2347 420 2395 'et
458 2365 505 2396 ex
535 2364 581 2396 eo
613 2343 814 2401 manifesto
844 2356 1019 2407 apparet,
1064 2352 1162 2406 quod
1202 2344 1433 2406 posteriores
1466 2364 1585 2395 rerum

176 2423 223 2464 ab
263 2424 549 2476 imperatoribus
588 2424 780 2475 gestarum
818 2424 1023 2474 scriptores
1068 2423 1153 2464 aliis
1196 2422 1366 2474 ejusdem
1408 2425 1586 2476 temporis

175 2494 392 2535 auctoribus
424 2493 647 2547 postpositis
680 2491 877 2534 Herodiani
910 2491 1012 2534 libris
1044 2491 1242 2545 plurimum
1275 2492 1334 2533 usi
1365 2495 1467 2534 sunt.
1510 2492 1586 2534 lmo

102 2592 109 2596 κ
179 2567 264 2605 vero
295 2565 459 2605 extrema
491 2574 580 2617 pars
612 2563 737 2616 operis
771 2562 967 2604 maximam
1000 2567 1141 2616 partem
1173 2563 1208 2603 in
1243 2564 1338 2603 vitas
1369 2574 1393 2603 a
1425 2564 1585 2616 scripto-

178 2631 282 2676 ribus
315 2633 492 2676 historiae
523 2634 718 2688 Augustae
756 2632 964 2687 descriptas
1007 2633 1166 2675 transiit.
1227 2632 1345 2683 Quem
1383 2632 1586 2689 admodum

179 2711 236 2752 ea,
266 2714 364 2754 quae
386 2703 624 2745 Herodianus
644 2704 857 2745 vmemoriae
871 2704 1072 2754 tradiderit,
1102 2714 1167 2756 per
1183 2703 1388 2754 scriptores
1410 2703 1587 2744 historiae
