1808 3071
946 160 975 203 4

253 266 454 311 Herodiani
487 270 571 310 octo
603 267 709 310 libris
738 267 979 311 historiarum
1010 235 1261 321 eontinentur,
1292 268 1450 311 verbose
1480 267 1669 350 explanat,

253 337 461 390 eodemque
477 337 578 380 loeo
604 336 654 379 de
674 337 837 391 seriptis
867 336 963 380 bene
994 338 1258 390 existimatve).

373 406 547 460 Reliquis
578 417 665 448 vero
696 406 804 460 locis,
835 407 973 459 quibus
998 407 1238 452 Herodianus
1269 409 1594 458 commemoratur,
1623 405 1670 445 de

253 475 340 529 ejus
372 476 446 519 ilde
476 479 512 519 et
542 476 669 530 operis
700 478 853 520 nomine
882 479 1026 521 tantum
1058 476 1268 521 disseritur.
1315 477 1549 532 Saepissime
1571 473 1668 517 baud

250 546 364 590 dubie
403 545 655 598 Herodianum
704 547 860 592 laudant
898 549 1102 601 scriptores
1141 537 1319 590 historiae
1349 549 1562 601 Augustae,
1607 545 1669 597 qui

252 617 301 660 ab
333 617 399 668 iis,
445 628 543 669 quae
583 617 646 658 ille
676 617 723 658 de
753 618 1018 670 imperatorum
1052 619 1135 661 vitis
1167 619 1368 661 memoriae
1397 613 1562 668 tradidit,
1608 624 1670 655 res

251 686 482 739 petiverunt3
513 696 649 728 omnes
681 697 757 728 uon
791 697 942 740 parvam
975 687 1085 729 tidem
1117 688 1449 739 auctoritatemque
1464 686 1496 727 ei
1514 685 1671 735 habent3

252 755 498 798 nibilominus
531 756 767 809 Capitolinus
814 757 850 798 in
892 755 964 798 vita
1002 757 1190 806 Maximin.
1215 756 1243 798 ll
1275 768 1307 798 c.
1330 754 1380 798 13
1419 754 1669 804 Herodianus,

252 825 390 877 inquit,
422 826 593 868 Graecus
624 825 802 878 scriptor,
849 826 910 877 qui
942 825 1165 879 Maximino,
1196 829 1377 878 quantum
1410 824 1600 874 videmuS,
1632 823 1667 863 in

252 894 380 938 odium
414 895 612 938 Alexandri
658 895 874 949 plurimum
900 897 1009 939 favet.
1071 896 1270 939 Praeterea
1308 894 1544 938 Herodianus
1585 892 1668 934 lau-
1718 950 1721 953 .

252 965 365 1008 datur
393 978 416 1008 a
445 966 478 1007 J.
512 966 722 1019 Capitolino
755 967 816 1007 vit.
852 967 970 1008 Albin.
1014 979 1047 1008 o.
1078 966 1129 1008 12
1173 967 1321 1009 Maxim.
1365 964 1508 1007 Balbin
1533 975 1565 1005 c.
1602 959 1667 1012 15,

253 1046 278 1077 a
306 1035 518 1089 Lampridio
557 1036 618 1077 vit.
659 1035 829 1077 Diadum.
862 1048 896 1077 c.
922 1035 948 1078 2
982 1037 1085 1079 Alex.
1118 1034 1248 1079 Sever.
1278 1048 1311 1079 o.
1336 1033 1405 1078 52.
1430 1031 1485 1076 57
1516 1044 1540 1075 a
1571 1031 1667 1073 Tre-

256 1104 368 1146 bellio
398 1104 571 1147 Pollione
592 1104 682 1146 XXX
715 1105 887 1159 Tyrann.
919 1104 1021 1148 o.32
1053 1106 1212 1158 denique
1242 1106 1292 1148 ab
1308 1104 1473 1158 Euagrio
1495 1103 1541 1145 H.
1553 1101 1604 1144 E.
1623 1100 1667 1142 V.

253 1186 287 1215 c.
309 1172 365 1217 24
395 1176 509 1226 atque
541 1174 687 1217 Tzetze
718 1174 862 1219 Cuiliad
899 1174 964 1225 Vl,
995 1174 1065 1219 55.

370 1244 465 1286 Cum
516 1245 627 1297 igitur
672 1245 720 1287 ab
759 1245 845 1287 aliis
886 1245 1131 1298 scriptoribus
1170 1245 1246 1287 fere
1284 1244 1391 1286 nulla
1428 1243 1670 1296 accipiamuS,

171 1358 175 1360 a
246 1324 349 1365 ‚quae
381 1314 429 1356 de
459 1314 672 1357 Herodiano
705 1316 829 1357 satius
862 1315 971 1357 nobis
1002 1315 1204 1367 exponant,
1235 1323 1308 1354 nos
1337 1313 1385 1355 ad
1408 1314 1532 1366 ipsum
1549 1312 1668 1354 Hero-

251 1383 352 1427 diaui
370 1394 470 1436 opus
501 1383 604 1426 adire
634 1386 792 1437 oportet,
821 1386 950 1436 siqua
968 1384 1026 1425 ·de
1057 1394 1101 1425 se
1133 1384 1305 1436 proferat.
1357 1382 1516 1425 Maxime
1535 1381 1669 1424 dolen-

250 1453 341 1495 dum
373 1455 447 1506 est,
480 1453 580 1506 quod
613 1454 698 1496 suis
730 1455 852 1507 ipsius
886 1454 990 1496 libris
1022 1453 1140 1495 multo
1172 1452 1322 1501 minuS,·
1343 1464 1455 1505 quam
1478 1455 1669 1506 optamus,

251 1521 490 1574 adjuvamur.
537 1523 704 1565 Primum
738 1524 836 1565 enim
870 1533 1055 1576 perpauca
1085 1522 1132 1564 de
1162 1517 1347 1563 se'tradit
1376 1533 1422 1563 ac
1441 1522 1576 1563 deinde
1607 1532 1668 1563 res

253 1593 439 1635 imminuit
477 1604 552 1636 non
591 1595 784 1652 aocurate,
829 1593 897 1635 sed
930 1595 966 1635 iu
1001 1592 1218 1640 universum
1249 1590 1406 1634 dicendo
1437 1593 1473 1634 et
1502 1590 1596 1634 inter
1625 1601 1670 1633 se

253 1663 506 1714 repugnantia
538 1663 749 1714 narrando,
782 1674 857 1714 quo
887 1665 947 1713 iit,
978 1665 1019 1704 ut
1050 1674 1125 1703 non
1157 1673 1203 1702 ex
1234 1662 1345 1702 certis
1375 1662 1601 1703 testimoniis
1632 1662 1667 1702 in

253 1731 376 1783 ipsius
415 1741 528 1784 opere
567 1732 714 1783 allatis,
760 1733 828 1774 sed
860 1734 939 1773 fere
969 1742 1014 1773 ex
1045 1730 1274 1783 conjecturis
1303 1730 1441 1782 aliquid
1472 1730 1519 1772 de
1549 1730 1668 1773 Hero-

249 1799 363 1841 diano
393 1799 464 1840 dici
497 1801 632 1852 possit.
681 1802 832 1842 Certum
865 1801 1012 1851 quidem
1047 1801 1201 1852 videtur,
1232 1800 1409 1852 quamdiu
1433 1800 1668 1842 Herodianus

246 1868 395 1919 vixerit,
425 1873 634 1920 quoanno
665 1871 780 1912 natus
811 1870 872 1922 sit,
905 1869 1000 1912 locis
1028 1871 1153 1912 autem
1186 1870 1280 1911 inter
1297 1879 1342 1911 se
1356 1868 1668 1912 dissentientibus

255 1938 348 1982 ratio
380 1938 493 1980 labat.
554 1939 650 1981 Nam
682 1939 921 1982 Herodianus
959 1941 1043 1989 (lib.
1071 1940 1103 1993 l,
1134 1950 1167 1982 o.
1194 1940 1241 1991 ll,
1273 1941 1296 1990 s
1328 1937 1374 1984 5)
1413 1955 1441 1981 α
1474 1938 1525 1983 δὲ
1553 1937 1668 1995 μετὰ

253 2005 333 2065 τὴν
361 2003 558 2064 Μάρκου
590 2003 809 2066 τελευῑην,
845 2009 974 2072 inquit,
1007 2008 1133 2068 παρὰ
1168 2004 1317 2052 πάντα
1352 2004 1473 2051 τὸν’
1455 2009 1667 2064 εμαυτοῦ-

248 2073 354 2128 βίον
384 2069 509 2120 εἶδόν
536 2094 584 2121 τε
616 2076 689 2121 καὶ
721 2073 909 2133 ἤκουσα,
941 2077 1039 2122 ἔστι
1071 2070 1118 2123 δ’
1124 2071 1188 2121 ὧν
1204 2077 1283 2122 καὶ
1299 2080 1437 2136 πεῖρα
1450 2078 1668 2134 μετέσχον

252 2142 299 2188 ἐν
327 2147 587 2199 βασιλικαῖς
618 2141 647 2202 ἢ
678 2144 918 2203 δημοσίαις
952 2143 1210 2205 ὑπηρεσιαῖς
1229 2144 1478 2202 γενόμενος,
1513 2149 1595 2192 ταῦ
1609 2164 1666 2191 τα

254 2212 541 2271 συνέγραψας
585 2226 660 2268 quo
692 2216 776 2258 loco
808 2217 948 2258 initium
978 2220 1105 2271 operis
1136 2217 1379 2271 significatur.
1428 2219 1480 2259 Ab
1503 2229 1666 2260 excessu

253 2283 366 2336 igitur
396 2284 507 2326 Marci
542 2286 677 2328 Aurelii
711 2287 947 2340 imperatoris
979 2297 1041 2328 res
1072 2286 1182 2329 ordiri
1213 2287 1250 2328 in
1281 2287 1408 2329 animo
1438 2287 1563 2330 babet.
1605 2288 1666 2330 Li-

347 2420 384 2463 *)
407 2417 511 2458 Ἔστι
546 2419 614 2468 τὴν
650 2419 795 2471 φράσιν
819 2422 942 2470 σαφὴς
966 2424 1030 2458 καὶ
1054 2414 1230 2473 λαμπρὸς
1253 2422 1318 2458 καὶ
1342 2419 1446 2468 ἡδύς,
1484 2424 1548 2459 καὶ
1571 2425 1667 2466 λέξει

247 2477 426 2526 χρώμενο
470 2478 653 2527 σώφρονι,
678 2479 770 2526 μήτε
796 2479 1140 2530 ὑπεραττικιζούσῃ,
1165 2483 1231 2516 καὶ
1255 2479 1321 2526 τῆν
1339 2481 1510 2528 ἔμφυτον
1522 2482 1665 2532 ἐξυβρι-

246 2532 364 2587 ,ζούσῃ
381 2549 412 2583 χ
448 2549 499 2585 ,ιν
523 2539 589 2574 τοῦ
615 2537 816 2584 συνήθους,
842 2537 935 2586 μήτε
958 2536 1054 2586 πρὸς
1077 2537 1118 2574 τὸ
1142 2535 1323 2574 ταπεινὸν
1345 2537 1583 2589 ἔκλελυμίνῃ,
1602 2542 1666 2576 καὶ

250 2592 317 2636 ιήν
342 2594 516 2641 ἔντεχνον
541 2594 764 2645 ὑπερορώσῃ
789 2598 955 2643 γνῶσιν·
977 2592 1062 2633 οὔτε
1086 2596 1129 2632 δὲ
1153 2597 1447 2646 περιπολογίαις
1469 2598 1548 2634 ἐστὶ
1572 2609 1666 2645 σεμ-

252 2648 479 2696 νυνόμενος,
517 2649 600 2689 οὔτε
635 2666 669 2688 τι
706 2655 782 2689 τῶν
818 2653 1038 2700 ἀναγκαίων
1068 2653 1374 2704 παραλιμπᾰνων
1403 2665 1411 2674 ·
1448 2657 1512 2690 καὶ
1537 2655 1667 2697 ἁπλῶς

252 2707 295 2745 ἐν
321 2706 460 2749 ἀπσαις
483 2714 561 2751 ταῖς
586 2709 680 2747 κατὰ
705 2709 771 2757 τὴν
795 2712 966 2762 ἱστορίαν
990 2711 1139 2764 ἀρεταῖς
1165 2712 1208 2750 οὗ
1221 2714 1375 2751 πολλῶν
1386 2713 1466 2750 ἐστὶ
1478 2711 1662 2765 δεύτερος.
