1808 3071
829 189 856 234 5

141 303 197 346 hri
226 299 386 346 secundi
414 299 451 343 in
480 296 602 349 capite
634 295 766 340 ultim
795 297 941 350 sentiit,
978 308 1044 351 per
1074 302 1166 350 quot
1193 309 1319 342 annos
1351 299 1545 343 historiam

142 371 314 425 persequi
344 366 532 411 statuerit:
570 359 676 420 ἐμοὶ
703 364 754 410 δε
782 363 963 418 σκοπὸς
986 362 1181 426 ὑπάρχει
1209 363 1320 412 ἐτῶν
1350 363 1555 428 ἑβδομή·

143 456 274 483 κοντα
320 431 508 493 πράξεις
557 436 737 479 πολλῶν
778 434 1006 490 βασιλέων
1043 432 1308 489 συντάξαντι
1353 436 1548 497 γράψαι,

144 503 199 559 ἃς
227 502 361 556 αὐτὸς
390 498 493 548 οἶδα
533 504 554 546 i.
574 515 620 548 e.
658 506 874 549 memoriam
916 516 1037 549 rerum
1068 509 1263 561 gestarum
1294 519 1362 563 per
1390 512 1545 563 septua-

142 579 246 631 ginta
288 585 414 618 minos
461 576 501 617 ut
548 575 764 627 perduceret
810 575 880 617 sibi
934 578 1159 629 proposuit.>
1224 578 1353 631 ltaque
1394 578 1543 621 Marma

144 646 315 688 Aurelius
360 655 444 686 cum
479 655 594 691 anno
624 644 804 688 CMXXXI
827 658 864 688 a.
897 658 934 689 u.
967 658 998 689 c.
1028 657 1050 688 e
1097 647 1169 689 vita
1206 645 1415 690 decesserit
1458 648 1546 701 quis

83 750 85 752 a
143 719 228 766 est,
281 714 342 765 qui
399 712 650 755 Herodianum
707 725 769 756 res
823 726 933 767 porro
985 717 1227 758 tractaturum
1279 728 1371 759 esse
1422 728 1546 769 usque

140 785 186 826 ad
233 784 387 825 Decium
418 784 440 825 i.
472 794 503 825 e.
534 783 601 825 Mil
626 796 667 826 a.
705 796 742 826 u.
763 782 809 837 fc.
856 795 930 827 non
976 782 1232 838 exspectarit?
1293 786 1383 828 Mire
1422 787 1546 829 offen-

143 854 264 905 deris,
309 864 394 894 cum
442 863 544 895 anno
583 852 665 904 jam
712 852 858 896 CMXCl
895 865 932 895 a.
973 865 1006 895 u.
1046 865 1078 897 o.
1123 865 1199 905 quo
1244 856 1410 908 tempore
1450 858 1546 899 Gor-

142 923 278 965 dianus
326 923 458 965 tertius
506 922 700 976 imperium
747 923 938 977 suscepit,
989 922 1242 966 Herodianum
1289 926 1390 980 operi
1435 927 1547 968 tinem

141 993 281 1034 fecisse
341 981 545 1045 repereris.v
629 992 768 1043 Quum
798 1004 886 1036 vero
928 993 1159 1035 oblivionem
1206 990 1292 1047 ejus
1338 996 1548 1049 respexeris

147 1062 400 1116 temporisque
445 1062 611 1104 ordinem
660 1063 888 1116 perturbati,
934 1073 1090 1115 quarum
1123 1073 1246 1105 rerum
1284 1064 1441 1118 vestigia
1472 1076 1548 1108 non

146 1143 228 1173 raro
273 1132 309 1173 in
360 1130 581 1190 Herodiano*
625 1134 843 1184 occurrunt,
900 1143 1027 1175 verum
1074 1132 1235 1186 dixeris,
1280 1134 1314 1175 si
1359 1135 1395 1175 iu
1427 1135 1547 1188 primo

142 1201 270 1254 capite,
312 1201 393 1243 libri
421 1200 538 1258 Jprimi
569 1205 759 1244 auctorem
790 1214 937 1254 annoS,
982 1214 1048 1256 per
1092 1214 1191 1255 quos
1237 1203 1430 1246 historiam
1463 1215 1546 1257 per-

142 1264 326 1313 ducturus
372 1271 441 1324 sit,
493 1272 529 1313 in
571 1271 700 1314 ultimo
745 1273 865 1325 capite
908 1272 1066 1328 alterius
1114 1272 1194 1314 libri
1238 1284 1365 1315 annos
1410 1274 1546 1316 aetatis

144 1350 239 1381 suae
270 1340 512 1394 significasse
541 1341 886 1392 existimaverisss).

257 1409 462 1463 Perspicue
492 1410 625 1452 saltem
657 1421 702 1453 ex
734 1411 792 1453 liis
824 1411 1075 1455 Herodianum
1099 1412 1291 1455 minimum
1309 1413 1549 1467 septuaginta

141 1489 266 1521 annos
311 1481 438 1522 natum
493 1480 615 1522 fuisse
666 1482 978 1535 cognoscimuS‚-
1009 1493 1083 1535 quo
1128 1493 1216 1525 vero
1266 1493 1369 1525 anno
1414 1485 1549 1536 natus,

143 1559 218 1599 quo
256 1550 429 1592 mortuus
466 1550 544 1602 sit,
581 1554 688 1606 ‘certe
725 1552 879 1609 inveniri
918 1563 993 1594 non
1041 1553 1174 1605 potest
1234 1552 1279 1595 F.
1310 1554 1353 1594 A.
1385 1552 1551 1594 Wolfius

144 1616 394 1661 Herodianum
439 1630 542 1662 auno
587 1618 761 1662 CMXXlll
803 1632 840 1663 a.
884 1633 922 1664 u.
968 1634 1001 1664 c.
1045 1622 1211 1676 genitum
1257 1632 1348 1664 esse
1394 1623 1551 1665 coniten-

142 1688 215 1740 dit,
262 1692 367 1731 ratus
397 1683 547 1732 duobus
584 1691 697 1731 annis
742 1692 829 1743 post
865 1691 1056 1733 Maximini
1098 1696 1251 1734 morter!
1292 1702 1314 1733 e
1353 1692 1426 1733 vita
1443 1688 1552 1734 ‘eum

142 1757 282 1799 exiisse
325 1758 529 1811 decemque
546 1784 554 1791 ι
572 1759 683 1801 annis
729 1760 815 1801 ante
862 1759 974 1801 Marci
1012 1761 1149 1802 Aurelii
1194 1759 1335 1803 obitum
1377 1772 1552 1814 procrea-

142 1827 221 1868 tum
264 1838 355 1868 esse
363 1841 377 1878 5
421 1829 478 1869 cui
523 1828 734 1870 sententiae
762 1828 871 1881 plus,
916 1841 1029 1880 quam
1075 1830 1208 1871 ceteris
1251 1830 1335 1871 fidei
1382 1830 1549 1872 tribuen-

142 1894 231 1937 dum
263 1898 335 1938 est.
395 1895 519 1938 Nimio
548 1897 681 1939 autem·
704 1898 878 1940 acumine
907 1898 1105 1942 Herodiani
1152 1898 1263 1942 verba
1295 1891 1324 1942 ἃ
1357 1897 1407 1944 δὲ
1435 1897 1551 1955 μετὰ

144 1962 222 2022 τὴψ
272 1961 466 2024 Μάρκου
518 1964 719 2024 τελευτὴν
758 1966 884 2025 παρὰ
923 1964 1064 2011 πάντα
1103 1966 1181 2011 τὸν
1217 1966 1417 2024 ἐμαυτοῦ
1447 1967 1550 2024 βίον

144 2026 264 2078 εἶδον
296 2052 338 2079 τι
370 2034 446 2080 καὶ
476 2029 647 2096 ἤκουσα
779 2038 920 2080 ταῦτα
942 2036 1207 2097 συνέγραψα
1238 2038 1418 2083 Strothus
1437 2040 1552 2083 intel·-

145 2106 329 2157 pretatur,
374 2119 458 2149 cum
491 2108 743 2150 Herodianum
780 2108 828 2150 ab
866 2109 930 2150 illo
967 2120 1089 2160 anne,
1135 2120 1212 2159 quo
1249 2112 1459 2163 prognatus
1491 2112 1581 2162 sit,⁴

145 2173 336 2216 historiam
383 2176 547 2218 scribere
582 2177 758 2230 coepisse
795 2187 841 2218 ex
878 2176 954 2219 illis
985 2176 1107 2218 verbis
1138 2187 1213 2219 non
1244 2178 1427 2221 immerito
1457 2179 1553 2221 effici

146 2246 259 2294 putat.
321 2245 573 2288 Herodianum
622 2247 741 2297 enim,
785 2247 871 2297 quia
916 2245 963 2287 ab
1001 2256 1103 2287 auno
1135 2245 1340 2291 CMXXXfll
1370 2258 1403 2288 a.
1437 2259 1474 2289 u.
1505 2259 1555 2297 c.,

146 2323 220 2363 quo
252 2313 402 2357 Marcus
425 2316 601 2358 Aurelius
632 2315 763 2358 morbo
795 2315 912 2369 periit,
942 2314 1133 2369 profectus
1163 2314 1226 2367 sit,
1257 2314 1321 2357 illo
1350 2326 1453 2358 auno
1485 2327 1553 2358 na·

240 2450 276 2496 ⁵¹⁸)
300 2450 528 2489 Herodianus
542 2465 625 2489 eum
637 2454 724 2488 dicit
745 2454 808 2489 lib.
823 2454 852 2497 I,
878 2464 909 2488 e.
922 2454 940 2488 1
964 2454 1190 2501 μερισθεῖσα
1214 2449 1289 2501 γὰρ
1313 2448 1335 2494 ἡ
1356 2449 1553 2503 Ῥωμαίων

148 2507 242 2554 ἀρχὴ
273 2510 315 2546 ἐν
345 2512 465 2548 ἔτεσιν
495 2510 671 2555 ἑξήκοντα
695 2510 731 2550 ἔς
757 2512 906 2550 πλείους
929 2510 1149 2549 δυναστείας
1172 2505 1194 2553 ἢ
1220 2506 1399 2601 ‹ims-
1422 2508 1552 2558 ἀπῄτει

148 2565 269 2602 πολλὰ
293 2570 357 2603 καὶ
382 2570 534 2604 ποικίλα
557 2565 691 2614 ἤνεγκε
714 2570 778 2603 καὶ
802 2565 996 2609 θαύματος
1020 2562 1118 2607 ἄξια,
1142 2568 1252 2611 planu
1296 2586 1301 2589 -
1342 2570 1344 2573 '
1385 2579 1450 2611 per
1467 2571 1556 2612 quot

150 2632 264 2661 annos
307 2627 492 2663 historiam
535 2631 786 2673 persecuturus
824 2627 891 2669 εἰη
932 2620 1003 2661 hoe
1039 2626 1134 2660 idem
1171 2626 1339 2660 convenit
1374 2636 1456 2661 cum
1490 2637 1555 2661 nu-

151 2693 247 2717 mero
272 2695 463 2728 annorum,
486 2696 575 2729 quos
599 2686 773 2728 exposuit.
815 2684 940 2727 Neque
963 2685 1073 2727 igitur
1096 2684 1341 2717 necessarium
1366 2687 1422 2718 est
1446 2682 1554 2728 ἑβδο-

150 2736 316 2783 μήκοντα
339 2745 377 2778 in
402 2739 577 2788 ἑξήκοντα
600 2745 750 2778 vertere.
