1808 3071
881 176 934 220 16

204 296 276 336 que
321 283 520 338 Elagabali
568 295 644 332 non
691 284 857 326 omnium
906 283 1131 326 mentionem
1148 280 1198 335 ⁹⁵)
1238 282 1336 324 fecit.
1411 282 1516 332 Quas
1554 292 1616 323 res

204 353 342 404 omisit,
388 353 488 406 quod
536 353 683 395 illorum
731 353 922 396 hominum
970 363 1032 394 res
1077 354 1224 406 gestae,
1270 354 1441 401 eventus,
1486 361 1617 401 casus,

204 422 292 464 nihil
338 423 384 464 ad
433 424 548 465 totius
593 424 720 475 operis
765 422 965 465 consilium
1013 424 1207 474 pertinent.
1288 421 1472 473 Ceterum!
1522 420 1618 461 bene

206 492 409 535 tenendum
456 493 534 543 est,
565 485 860 546 Herodianum,
905 503 1020 544 quum
1054 491 1214 533 maxime
1244 490 1466 543 aequalibus
1499 489 1616 532 histo-

205 562 295 603 riam
343 562 403 603 sui
449 564 637 614 temporis
678 564 840 605 scribere
880 565 930 603 in'
962 562 1088 604 animo
1135 561 1304 603 habuerit
1349 559 1487 609 multa,
1532 559 1619 611 qnia

204 631 281 671 tum
315 621 493 683 omnibns
522 633 610 672 nota
641 634 765 682 erant,
805 631 933 674 leviter
969 631 1145 684 attigisse
1179 640 1247 674 eas
1278 631 1421 672 tantum
1453 628 1618 670 afferens

204 710 279 749 res,
309 710 406 749 quae
438 710 601 752 magnae
632 700 737 741 visae
768 704 871 751 sunt,
903 711 1073 752 quaeque
1104 700 1303 752 imaginem
1326 696 1618 749 eJustemporiS,

204 767 303 820 qnod
335 767 596 821 descripturus
627 769 708 821 est,
754 769 934 822 effingere
965 768 1143 823 possunt.
1205 766 1328 818 Quare
1358 776 1432 808 non
1465 767 1525 806 est
1555 775 1620 806 cur

205 837 496 890 reprehendatur
525 840 658 880 auctor
688 841 838 889 noster3
884 850 1008 891 neque
1049 838 1146 880 enim
1178 837 1213 880 id
1251 837 1322 880 sibi
1361 835 1620 889 proposuerat,

205 911 247 949 ut
276 918 373 959 quae
415 917 479 960 per
509 908 627 949 totum
661 908 853 960 imperium
889 907 1103 951 Romanum
1137 910 1344 950 memoratu
1376 905 1491 960 digna
1520 905 1620 947 acci-

204 978 365 1028 dissent,
396 978 598 1018 memoriae
628 977 801 1028 traderet,
832 977 905 1019 sed
934 979 1016 1019 vitis
1044 979 1308 1031 imperatorum
1326 974 1620 1026 conscribendis,

204 1048 244 1089 ut
275 1046 351 1089 illis
381 1046 613 1099 temporibus
661 1047 696 1088 et
733 1048 845 1088 antea
888 1049 924 1089 et
965 1048 1099 1101 postea
1137 1058 1221 1090 mos
1260 1050 1359 1098 erat,
1405 1044 1619 1087 memoriam

206 1127 329 1158 rerum
361 1120 555 1169 gestarum
588 1119 772 1167 servaret3
817 1117 916 1168 quod
962 1117 1111 1167 quidem
1151 1117 1348 1158 consiliam
1388 1116 1525 1167 optime
1555 1125 1621 1154 ex-

207 1184 364 1227 secutus
397 1185 470 1226 est.
531 1182 729 1227 Praeterea
761 1185 914 1228 animus
946 1183 1031 1238 ejus
1076 1185 1125 1227 ab
1163 1185 1264 1227 omni
1307 1184 1463 1238 partium
1496 1181 1622 1224 studio

206 1255 356 1296 alienus
386 1253 528 1306 dignus
568 1256 648 1306 est,
693 1255 755 1305 qui
803 1255 993 1306 laudetur,
1038 1265 1228 1306 nusquam
1280 1254 1326 1296 ad
1373 1253 1622 1306 potentiorum

205 1324 463 1367 adulationem
496 1323 669 1365 servilem
708 1325 744 1365 et
775 1323 951 1366 humilem
982 1335 1027 1366 se
1056 1323 1200 1376 amicit,
1246 1334 1398 1377 semper
1443 1334 1488 1364 ex
1520 1332 1621 1374 vero,

206 1404 303 1446 quae
335 1393 523 1435 laudanda
557 1393 649 1433 sunt
689 1392 864 1434 celebrat.
927 1392 968 1434 Si
1014 1393 1127 1446 igitur
1170 1392 1218 1434 de
1264 1394 1351 1434 viris
1397 1391 1622 1444 quibusdam

207 1463 317 1505 aliter
339 1461 488 1514 judicat
518 1463 649 1503 noster
678 1463 792 1513 atque
823 1462 986 1503 Cassius
1017 1462 1100 1515 Dio,
1132 1460 1350 1515 plerumque
1381 1461 1537 1504 Dionem
1570 1462 1623 1502 ira

209 1537 245 1574 et
275 1532 403 1574 studio
433 1543 454 1573 a
487 1542 575 1572 vero
606 1530 807 1573 deductum
838 1542 930 1573 esse
961 1531 1142 1584 repereris
1158 1529 1256 1584 ἢ).

326 1601 467 1643 Rerum
509 1600 670 1642 civilium
710 1601 765 1642 vel
806 1601 1017 1643 militarium
1057 1600 1186 1643 rudem
1217 1600 1469 1643 Herodianum
1500 1599 1624 1650 fuisse

209 1672 310 1713 falso
341 1669 594 1722 contenderiS‚
625 1670 691 1711 sed
724 1670 1041 1721 quemadmodum
1074 1670 1185 1712 verba
1215 1670 1251 1711 in
1284 1670 1433 1722 senatu,
1464 1670 1499 1710 in
1532 1678 1625 1710 con—-

211 1741 319 1782 cione
349 1741 462 1791 facta,
494 1739 677 1780 orationis
708 1739 948 1781 exornandae
979 1738 1105 1781 studio
1138 1739 1310 1792 mutavit,
1341 1741 1419 1792 sic,
1450 1750 1547 1791 quae
1577 1739 1624 1780 de

215 1914 396 1962 geminum
422 1912 659 1957 Antoninum,
698 1913 757 1959 qui
777 1912 854 1958 jam
878 1924 968 1958 puer
999 1916 1151 1958 quatuor
1173 1924 1350 1949 annorum
1373 1918 1535 1949 mortuus
1559 1917 1625 1957 est,

209 1972 351 2006 silentio
392 1973 572 2016 praeterit.
648 1974 730 2014 Qua
773 1967 819 2006 ex
853 1984 891 2006 re
926 1972 1175 2006 Herodianum
1210 1973 1326 2007 Marci
1361 1973 1496 2006 Aurelii
1532 1972 1625 2006 filios

208 2031 397 2074 ignorasse
421 2029 515 2063 effici
538 2040 612 2064 non
634 2033 764 2075 potest,
791 2041 873 2065 cum
885 2030 1058 2065 Antonini
1083 2030 1273 2064 admodum
1291 2031 1393 2074 pueri
1411 2031 1487 2065 vita
1499 2041 1625 2075 parum

213 2088 260 2121 ad
284 2098 343 2121 res
367 2099 391 2122 a
416 2087 611 2122 commodo
636 2090 759 2131 gestas
784 2087 1039 2122 describendas
1064 2088 1236 2125 conferat.

303 2143 339 2188 *)
363 2145 606 2190 Elagabalnm
629 2148 701 2179 tres
725 2155 855 2178 uxores
892 2145 1039 2179 duxisse
1059 2145 1291 2180 Herodianus
1316 2146 1435 2189 refert,
1475 2156 1625 2189 quarum

209 2204 541 2244 nullamnominat.
589 2203 661 2236 Dio
693 2206 811 2236 autem
844 2213 926 2237 eum
958 2204 1114 2247 quinque
1145 2214 1274 2238 uxores
1303 2205 1438 2248 nuptiis
1469 2204 1539 2238 sibi
1562 2204 1625 2238 ad-

205 2261 373 2305 junxisse
399 2261 633 2305 ultimamque
656 2261 854 2305 recepisse,
881 2271 988 2305 quam
1011 2265 1094 2295 ante
1118 2262 1386 2307 repudiaverat,
1412 2261 1506 2294 dicit.
1555 2261 1626 2295 Dio

215 2329 361 2363 quoque
386 2318 536 2353 duarum
560 2330 709 2353 uxorum
734 2319 881 2353 nomina
914 2319 989 2353 edit
1011 2320 1132 2354 Juliae
1155 2320 1321 2364 Aquiliae
1346 2320 1518 2362 Severae,
1554 2320 1625 2353 vir-

209 2378 305 2422 ginis
329 2374 500 2420 Vestalis,
523 2377 740 2421 ‘Anniaeque
774 2376 992 2420 Faustinae,
1026 2389 1135 2422 quam
1158 2379 1204 2412 ab
1231 2377 1427 2412 Commodo
1452 2377 1626 2422 originem

211 2435 356 2468 duxisse
391 2434 622 2469 Herodianus
659 2434 802 2479 profert.
871 2435 929 2469 Ex
964 2436 1117 2470 nummis
1152 2435 1306 2480 denique
1344 2436 1468 2470 tertiae
1503 2436 1626 2470 uxoris

209 2504 341 2538 nomen
366 2493 485 2527 Juliae
512 2494 700 2527 Corneliae
724 2494 861 2528 Paulae
894 2495 1154 2538 cogniscimus3
1192 2494 1237 2528 cf.
1261 2494 1413 2528 Eckhel.
1445 2495 1525 2530 Vol.
1549 2494 1629 2528 VIl.

208 2563 291 2596 pag.
317 2550 399 2586 258.

282 2607 341 2652 **)
368 2610 510 2651 Quanto
535 2610 660 2644 favore
685 2610 875 2654 studioque
887 2609 958 2644 Dio
983 2609 1101 2652 fuerit,
1127 2620 1171 2643 ex
1191 2609 1330 2653 judicio
1354 2610 1536 2654 intelligas
1559 2611 1626 2645 ini—

213 2678 302 2711 quo,
340 2668 437 2711 quod
461 2668 505 2701 de
530 2668 695 2702 Advento
718 2668 821 2710 facit,
859 2662 919 2712 (lui
943 2671 1026 2701 ante
1050 2668 1252 2702 Macrinum
1276 2679 1299 2702 a
1323 2668 1492 2702 militibus
1517 2669 1627 2713 impe-

210 2729 309 2761 rator
334 2724 535 2770 appellatus
560 2730 624 2761 est.
650 2725 696 2760 cf.
721 2725 792 2759 Dio
816 2725 878 2759 lib.
905 2724 962 2761 78.
988 2736 1018 2759 c.
1047 2725 1103 2761 14.
1127 2726 1261 2760 Herod.
1284 2726 1348 2762 IV.
1375 2724 1433 2760 14.
